3098 4770
434 344 623 392 ruonerrrr
651 344 929 393 wrconurnusrs.
1087 333 1153 398 178

209 514 313 574 gnum
332 517 393 579 per
409 508 552 562 mortem
567 500 683 563 fratris
702 501 765 577 tui,
782 520 884 582 quem
902 484 1028 565 occidit
1043 512 1154 566 mater

211 601 281 670 tua,
307 604 490 677 propterea
513 598 593 661 audi
620 600 759 662 verbum
787 600 947 663 Domini:
971 599 1045 664 haec
1070 601 1155 666 dicit

211 691 402 757 Dominus:
427 694 532 758 ‘Non
563 696 697 760 deficiet
723 698 858 778 gladius
885 698 1051 761 dedomo
1079 707 1153 775 tua,

211 792 356 854 saeviens
386 793 421 854 in
446 802 480 856 te
505 796 663 857 omnibus
690 794 811 858 diebus
832 798 914 858 vita:
943 804 1022 871 tuae,
1049 796 1155 860 inter·

211 887 326 951 ficiens
354 889 396 952 de
428 893 557 956 semine
584 899 657 968 tuo,
684 911 862 974 quousque
889 913 1032 973 regnum
1058 903 1155 958 tuum

212 987 439 1050 transferatur
465 990 501 1051 in
526 1008 670 1070 regnum
698 991 847 1053 alienum
873 991 970 1073 cujus
998 992 1101 1054 ritum
1121 1001 1156 1054 et

211 1082 363 1164 linguam
395 1105 481 1166 gens
513 1088 567 1150 cui
599 1088 773 1168 praesides,
809 1106 878 1149 nou
907 1089 1026 1152 novit.’
1080 1089 1156 1152 Nec

213 1182 409 1262 expiabitur
427 1185 493 1247 nisi
507 1185 611 1266 longa
628 1186 782 1250 vindicta
802 1196 979 1266 peccatum
996 1194 1104 1262 tuum,
1121 1197 1156 1250 et

211 1290 391 1359 peccatum
412 1285 533 1346 matris
558 1292 638 1358 tuae,
656 1292 691 1346 et
717 1291 894 1364 peccatum
918 1286 1080 1360 virorum,
1097 1286 1156 1365 qui

211 1377 394 1442 interfuere
416 1381 560 1444 consilio
581 1381 657 1462 ejus
679 1380 879 1460 nequam.”¹
930 1381 1064 1461 Corpus
1094 1401 1156 1444 au-

211 1484 277 1539 tem
293 1478 386 1541 illius
402 1478 437 1540 in
453 1478 597 1541 ecclesia
619 1478 656 1542 S.
675 1477 777 1541 Pauli
794 1477 954 1559 Apostoli
969 1479 1155 1543 honorifice

213 1576 383 1655 sepultum
417 1584 481 1640 est.
546 1577 653 1660 Cujus
687 1585 767 1658 post
799 1586 953 1652 mortem,
990 1580 1152 1658 episcopi,
1168 1602 1318 1651 rasuras..

212 1673 368 1746 abbates,
390 1674 508 1749 duces,
529 1682 564 1737 et
586 1677 713 1754 quique
742 1674 924 1735 nobiliores
944 1673 1096 1752 Angliae,
1119 1676 1154 1736 in
1168 1653 1302 1739 iiiiii'²”‘¹

212 1787 316 1830 unum
341 1771 554 1850 congregati,
576 1772 652 1852 pari
675 1789 855 1844 consensu,
871 1771 907 1832 in
924 1769 1095 1832 dominum
1121 1749 1320 1844 addititii

1183 1849 1275 1886 rescribe
1284 1848 1321 1886 the

212 1886 328 1947 regem
353 1868 421 1930 sibi
436 1867 608 1931 canutum
630 1869 777 1948 elegere,
792 1876 827 1930 et
843 1868 886 1930 ad
901 1887 979 1930 eum
996 1869 1030 1930 in
1049 1868 1154 1932 Sutb·
1168 1858 1303 1946 {ranna

213 1967 366 2030 amtonia
392 1968 580 2044 venientes,
606 1985 810 2048 omnemque
837 1967 1034 2047 progeniem
1064 1968 1156 2047 regis
1168 1946 1287 1985 mm·

213 2063 387 2143 AEgelredi
407 2084 522 2128 coram
540 2065 600 2127 illo
621 2065 826 2143 abnegando
844 2064 1075 2144 repudiantes,
1092 2083 1155 2144 pa·

212 2169 698 2243 cemcumeocomposuere,et
707 2160 907 2224 fidelitatem
917 2160 967 2222 illi
974 2160 1155 2243 juravere:

212 2258 335 2338 quibus
356 2267 392 2322 et
413 2260 472 2324 ille
492 2259 625 2342 juravit
649 2258 753 2339 quod,
776 2265 812 2321 et
833 2259 1018 2322 secundum
1040 2259 1155 2323 Deum

213 2362 248 2417 et
262 2356 452 2418 secundum
467 2358 633 2432 seculum,
645 2356 756 2420 fidelis
773 2375 848 2420 esse
863 2357 967 2420 vellet
982 2358 1031 2420 eis
1046 2357 1156 2420 domi-

212 2472 287 2516 nus.
340 2451 391 2516 At
406 2454 499 2516 cives
522 2454 793 2527 Lundonienses,
817 2462 851 2528 et
872 2473 952 2535 pars
975 2455 1153 2530 nobilium,
1170 2478 1282 2518 menon-

212 2551 272 2631 qui
286 2570 327 2614 eo
346 2554 500 2632 tempore
520 2552 753 2615 consistebant
776 2551 977 2628 Lundoniae,
993 2552 1154 2616 clitonem
1169 2527 1322 2616 ‘diff

213 2649 456 2711 Eadmundum
464 2650 617 2712 unanimi
628 2668 798 2713 consensu
806 2651 843 2712 in
854 2669 968 2729 regem
978 2651 1154 2729 levavere:
1169 2627 1231 2675 ω’·

213 2747 272 2826 qui
295 2746 373 2808 solii
399 2747 527 2825 regalis
554 2747 760 2809 sublimatus
783 2747 941 2822 culmine,
964 2748 1156 2828 intrepidus

211 2843 518 2907 West-Saxoniam
556 2845 642 2906 adiit
678 2845 751 2907 sine
787 2845 1016 2920 cunctatione,
1046 2844 1081 2908 et
1111 2848 1156 2908 ab

212 2943 304 3004 omni
323 2941 453 3022 populo
478 2960 605 3021 magna
625 2950 806 3022 susceptus
821 2942 1068 3021 gratulatione,
1081 2962 1155 3006 suae

212 3039 333 3101 ditioni
362 3039 501 3117 subegit
529 3057 605 3101 earn
635 3039 819 3101 citissime:
838 3060 840 3066 ·
858 3040 981 3118 quibus
1014 3040 1154 3115 auditis,

212 3138 311 3199 multi
331 3134 526 3215 Anglorum
548 3136 666 3217 populi
688 3154 815 3215 magna
839 3154 912 3197 cum
937 3135 1155 3199 festinatione

213 3234 263 3297 illi
285 3254 322 3297 se
343 3233 513 3296 dederunt
527 3233 732 3296 voluntarie.
785 3232 938 3295 Canutus
964 3240 1080 3295 autem
1102 3235 1155 3295 in·
1170 3259 1227 3298 cnut

212 3333 311 3395 terim
349 3351 427 3393 cum
465 3337 541 3393 tota
575 3350 641 3393 sua
673 3330 784 3392 classe
820 3330 910 3392 circa
941 3329 1155 3409 Rogationes
1170 3309 1269 3396 billi}

214 3426 250 3512 [7
267 3429 370 3508 Maii]
388 3427 603 3491 Lundoniam
615 3427 809 3490 devehitur:
826 3445 894 3506 quo
906 3413 983 3489 cum
993 3428 1156 3502 venisset,

214 3529 248 3588 in
281 3525 427 3588 australi
458 3534 556 3606 parte
592 3525 774 3587 Tamensis
811 3542 971 3604 maguam
1001 3528 1156 3606 scrobem

214 3624 385 3698 foderunt,
406 3631 441 3685 et
465 3641 570 3685 naves
590 3641 672 3685 suas
692 3624 726 3684 in
751 3623 996 3684 occidentalem
1016 3623 1154 3702 plagam

213 3722 327 3804 pontis
348 3728 550 3797 traxerunt3
574 3720 651 3782 dein
671 3721 789 3781 urbem
813 3719 884 3780 alta
902 3719 1043 3797 lataque
1063 3717 1157 3781 fossa

213 3828 248 3883 et
277 3818 453 3881 obsidione
479 3818 666 3896 cingentes,
696 3817 889 3894 ingressum
919 3823 954 3877 et
980 3833 1157 3893 egressum

386 4033 393 4062 ¹
413 4034 543 4096 Nequam]
572 4035 619 4083 See
632 4033 740 4082 Osberni
751 4034 812 4081 Vita
823 4033 849 4082 S.
862 4033 997 4084 Dunstani.
