3098 4770
354 345 421 408 110
724 357 934 405 cuaorucou

189 533 341 593 saorrapm-
354 517 481 579 ostium
513 514 693 576 Tamensis
723 513 871 574 fluminis
904 513 1050 585 intrans,
1082 509 1304 572 munitionem

186 584 323 672 iiiiiiim'
353 615 418 677 sibi
441 614 477 674 in
504 613 599 693 regia
626 611 708 674 villa
733 629 810 691 quae
836 609 1032 672 Middeltun
1048 608 1173 672 dicitur
1198 607 1304 670 redili-

354 709 471 773 cavit.¹

207 821 325 861 A·1>·⁸⁹⁴·
404 808 552 889 Pagani,
580 809 639 891 qui
677 804 961 888 Northymbriam
1003 805 1188 879 incoluere,
1226 824 1305 867 cum

188 886 339 974 irl‘aiiii‘ieu
354 907 511 972 AEll'redo
526 927 607 988 rege
618 926 738 988 pacem
747 905 879 968 firmam
889 906 1097 987 juramentis
1112 905 1305 967 stabiliere:

187 985 339 1072 illeiiliifn
352 1006 511 1070 similiter
526 1015 560 1069 et
582 1007 641 1088 qui
660 1004 926 1084 East-Angliam
950 1004 1198 1077 inhabitavere,
1215 1003 1305 1065 datis

187 1083 297 1181 iiiiii&
351 1105 495 1185 insuper
508 1124 572 1167 sex
587 1104 773 1177 obsidibus,
788 1102 917 1178 fecere;
934 1103 995 1164 sed
1013 1101 1141 1163 foedere
1156 1101 1305 1181 dirupto,

352 1204 625 1283 quotiescunque
639 1201 812 1262 exercitus
827 1201 862 1260 in
878 1199 1004 1262 Cantia
1017 1199 1205 1261 residentes
1218 1218 1307 1280 prae-

352 1298 457 1360 dandi
474 1318 579 1361 causa
592 1299 633 1360 de
653 1298 724 1359 suis
740 1297 985 1360 munitionibus
1001 1298 1129 1372 exiere,
1141 1299 1206 1378 ipsi
1222 1305 1305 1360 tunc

352 1403 415 1458 aut
441 1397 612 1459 cumillis
639 1414 835 1476 perrexere,
859 1404 920 1458 aut
950 1415 1084 1476 perse,
1111 1396 1306 1475 ubicunque

187 1515 269 1555 nina
352 1503 507 1576 potuere,
547 1494 699 1575 praedam
742 1513 853 1573 egere.
917 1493 997 1569 Quo
1042 1494 1194 1572 cognito,
1240 1513 1304 1556 rex

187 1566 287 1662 Ygiili?
346 1594 530 1656 'AElfredus
546 1601 677 1675 partem
694 1594 866 1655 exercitus
889 1610 1007 1653 secum
1022 1611 1211 1667 assumens,
1227 1610 1307 1672 par-

188 1664 256 1711 th‘m'
354 1699 435 1768 tem,
451 1701 491 1755 ut
506 1693 649 1767 solebat,
665 1692 756 1755 domi
777 1691 985 1770 relinquens
1001 1691 1186 1754 nonnullos
1201 1692 1305 1754 etiam

353 1791 505 1869 praesidii
523 1810 627 1852 causa
640 1792 675 1852 in
691 1788 841 1852 castellis
856 1790 1067 1869 urbibusque
1082 1790 1306 1864 constituens

355 1885 516 1949 Cantiam
534 1887 694 1948 festinato
710 1885 951 1966 proficiscitur,
970 1894 1005 1948 et
1020 1887 1109 1948 inter
1123 1894 1307 1968 utrumque

355 1982 576 2064 Paganorum
594 1984 795 2057 exercitum,
813 1983 890 2045 loco
917 1983 1055 2065 quidem
1072 1985 1142 2047 situ
1159 1986 1307 2049 naturali

353 2082 499 2158 munito,
537 2089 659 2164 utpote
702 2082 801 2162 aquis
840 2081 941 2162 plene
977 2083 1307 2156 circumfluentibus,

353 2180 456 2243 undis
473 2181 656 2244 admodum
671 2180 912 2260 crispantibus,
928 2179 1080 2260 scopulis
1099 2180 1191 2254 altis
1208 2180 1306 2242 silvis

353 2277 507 2360 undique
523 2297 560 2341 se
583 2277 846 2359 protelantibus,
873 2283 1141 2339 castrametatus
1157 2285 1231 2352 est;
1254 2279 1306 2342 ita

353 2393 439 2437 sane
466 2383 507 2438 ut
532 2375 562 2438 si
590 2375 739 2457 aliquem
767 2392 927 2455 campum
953 2375 1080 2455 praedae
1106 2375 1163 2438 vel
1193 2376 1307 2457 proelii

354 2491 464 2537 causa
485 2480 653 2556 peterent,
668 2474 742 2537 sine
762 2474 981 2537 cunctatione
1007 2492 1083 2535 cum
1105 2474 1174 2536 illis
1196 2481 1306 2538 certa-

353 2590 433 2634 men
463 2572 578 2635 iniret.
620 2572 681 2637 'At
697 2571 760 2647 illi,
775 2590 867 2634 nunc
890 2570 1067 2651 pedestres
1084 2590 1176 2633 nunc
1201 2591 1305 2654 eque-

352 2675 454 2746 stres,
464 2669 640 2734 turmatim
656 2668 909 2744 latrocinando,
921 2669 1076 2750 praedam
1090 2669 1160 2732 illis
1174 2671 1210 2733 in
1224 2690 1305 2752 par·

351 2767 447 2830 tibus
469 2769 745 2850 frequentabant,
764 2767 824 2828 ubi
849 2767 941 2847 regis
966 2767 1157 2830 exercitum
1186 2771 1307 2832 abesse

350 2866 517 2930 videbant
529 2887 537 2944 ;
562 2867 685 2949 quibus
698 2872 814 2928 tamen
829 2865 1099 2946 inopinantibus,
1112 2885 1182 2929 non
1196 2867 1307 2930 solum

351 2963 394 3026 de
409 2966 507 3045 regia
527 2964 758 3045 expeditione,
774 2962 834 3025 sed
861 2970 895 3025 et
917 2964 960 3026 de
986 2965 1129 3026 urbibus
1153 2963 1307 3046 plerique

351 3062 497 3143 singulis
514 3063 583 3125 lere
599 3063 718 3124 diebus
744 3081 784 3124 ac
806 3063 964 3123 noctibus
979 3063 1108 3125 caedem
1123 3063 1306 3139 intentant,

352 3160 508 3240 adeoque
546 3161 761 3242 perturbant,
794 3167 834 3221 ut
873 3159 1035 3222 Cantiam
1055 3149 1056 3152 ¹
1074 3160 1307 3241 relinquentes

351 3257 465 3320 denuo
496 3259 687 3339 praedatum
716 3258 818 3320 simul
845 3276 962 3320 omnes
986 3257 1125 3320 sedibus
1151 3260 1305 3338 exirent;

352 3375 432 3417 nam
448 3358 483 3418 in
500 3357 651 3438 praedam
675 3342 958 3418 simul'exierant
976 3356 1058 3417 dum
1076 3357 1145 3419 illis
1163 3358 1199 3418 iu
1223 3357 1307 3420 locis

351 3453 510 3532 primitus
539 3454 695 3515 habitare
724 3461 923 3534 coeperant:
956 3453 1017 3514 sed
1042 3454 1106 3515 hac
1133 3455 1207 3516 vice
1233 3475 1307 3518 ma·

346 3549 460 3630 jorem
488 3552 747 3631 uberioremque
778 3550 931 3631 praedam
959 3559 1135 3631 ceperunt,
1158 3553 1309 3623 Tamen-

351 3666 492 3728 semque
520 3649 661 3711 fluvium
686 3649 843 3721 transire,
878 3647 1174 3713 East·Saxoniam
1202 3652 1308 3728 adire,

350 3745 470 3825 sicque
495 3747 647 3810 classicae
677 3747 795 3808 manui
824 3765 929 3827 quam
960 3748 1199 3827 praemiserant
1229 3769 1306 3813 cum

349 3843 469 3922 praeda
486 3847 625 3908 obviare
641 3845 879 3908 decreverunt.
933 3844 1065 3908 Verum
1091 3848 1134 3909 ab
1153 3848 1307 3909 exercitu

732 4063 740 4094 ¹
759 4065 820 4111 Sax.
833 4065 926 4113 Chron.
