<?xml version="1.0" encoding="UTF-8"?>
<!DOCTYPE html PUBLIC "-//W3C//DTD XHTML 1.0 Transitional//EN"
    "http://www.w3.org/TR/xhtml1/DTD/xhtml1-transitional.dtd">
<html xmlns="http://www.w3.org/1999/xhtml" xml:lang="en" lang="en">
 <head>
  <title>
</title>
<meta http-equiv="Content-Type" content="text/html;charset=utf-8" />
  <meta name='ocr-system' content='tesseract 3.04.00' />
  <meta name='ocr-capabilities' content='ocr_page ocr_carea ocr_par ocr_line ocrx_word'/>
</head>
<body>
  <div class='ocr_page' id='page_1' title='image "./florentiiwigorn00florgoog_0116.png"; bbox 0 0 3098 4770; ppageno 0'>
   <div class='ocr_carea' id='block_1_1' title="bbox 442 306 1172 368">
    <p class='ocr_par' dir='ltr' id='par_1_1' title="bbox 442 306 1172 368">
     <span class='ocr_line' id='line_1_1' title="bbox 442 306 1172 368; baseline 0.005 -4"><span class='ocrx_word' id='word_1_1' title='bbox 442 318 633 364; x_wconf 80' lang='lat' dir='ltr'>ruonsnru</span> <span class='ocrx_word' id='word_1_2' title='bbox 665 319 943 367; x_wconf 75' lang='lat' dir='ltr'>wmonmrusis.</span> <span class='ocrx_word' id='word_1_3' title='bbox 1106 306 1172 368; x_wconf 90' lang='grc'>107</span> 
     </span>
    </p>
   </div>
   <div class='ocr_carea' id='block_1_2' title="bbox 210 473 1176 2317">
    <p class='ocr_par' dir='ltr' id='par_1_2' title="bbox 210 473 1176 2317">
     <span class='ocr_line' id='line_1_2' title="bbox 210 473 1170 556; baseline 0.004 -22"><span class='ocrx_word' id='word_1_4' title='bbox 210 473 354 553; x_wconf 89' lang='lat' dir='ltr'>injusta,</span> <span class='ocrx_word' id='word_1_5' title='bbox 378 481 439 536; x_wconf 92' lang='lat' dir='ltr'>aut</span> <span class='ocrx_word' id='word_1_6' title='bbox 454 474 483 535; x_wconf 92' lang='lat' dir='ltr'>si</span> <span class='ocrx_word' id='word_1_7' title='bbox 499 473 650 554; x_wconf 86' lang='lat' dir='ltr'>aliquam</span> <span class='ocrx_word' id='word_1_8' title='bbox 663 474 698 536; x_wconf 92' lang='lat' dir='ltr'>in</span> <span class='ocrx_word' id='word_1_9' title='bbox 713 473 780 537; x_wconf 91' lang='lat' dir='ltr'>illis</span> <span class='ocrx_word' id='word_1_10' title='bbox 791 473 932 556; x_wconf 89' lang='lat' dir='ltr'>judiciis</span> <span class='ocrx_word' id='word_1_11' title='bbox 949 476 1170 556; x_wconf 89' lang='lat' dir='ltr'>iniquitatem</span> 
     </span>
     <span class='ocr_line' id='line_1_3' title="bbox 214 571 1174 656; baseline 0.006 -24"><span class='ocrx_word' id='word_1_12' title='bbox 214 571 409 651; x_wconf 88' lang='lat' dir='ltr'>intelligere</span> <span class='ocrx_word' id='word_1_13' title='bbox 433 580 563 653; x_wconf 91' lang='lat' dir='ltr'>posset,</span> <span class='ocrx_word' id='word_1_14' title='bbox 587 573 710 635; x_wconf 90' lang='lat' dir='ltr'>leniter</span> <span class='ocrx_word' id='word_1_15' title='bbox 731 573 808 637; x_wconf 92' lang='lat' dir='ltr'>illos</span> <span class='ocrx_word' id='word_1_16' title='bbox 835 574 927 655; x_wconf 90' lang='lat' dir='ltr'>ipsos</span> <span class='ocrx_word' id='word_1_17' title='bbox 945 574 1092 656; x_wconf 69' lang='lat' dir='ltr'>judices</span> <span class='ocrx_word' id='word_1_18' title='bbox 1111 583 1174 638; x_wconf 86' lang='lat' dir='ltr'>aut</span> 
     </span>
     <span class='ocr_line' id='line_1_4' title="bbox 215 671 1175 753; baseline 0.007 -23"><span class='ocrx_word' id='word_1_19' title='bbox 215 688 277 749; x_wconf 89' lang='lat' dir='ltr'>per</span> <span class='ocrx_word' id='word_1_20' title='bbox 291 689 328 731; x_wconf 92' lang='lat' dir='ltr'>se</span> <span class='ocrx_word' id='word_1_21' title='bbox 342 672 456 750; x_wconf 91' lang='lat' dir='ltr'>ipsum</span> <span class='ocrx_word' id='word_1_22' title='bbox 475 678 535 732; x_wconf 89' lang='lat' dir='ltr'>aut</span> <span class='ocrx_word' id='word_1_23' title='bbox 555 689 617 750; x_wconf 92' lang='lat' dir='ltr'>per</span> <span class='ocrx_word' id='word_1_24' title='bbox 641 671 727 734; x_wconf 89' lang='lat' dir='ltr'>alios</span> <span class='ocrx_word' id='word_1_25' title='bbox 750 691 832 735; x_wconf 91' lang='lat' dir='ltr'>suos</span> <span class='ocrx_word' id='word_1_26' title='bbox 854 672 984 748; x_wconf 87' lang='lat' dir='ltr'>fideles,</span> <span class='ocrx_word' id='word_1_27' title='bbox 1001 672 1175 753; x_wconf 88' lang='lat' dir='ltr'>quoslibet</span> 
     </span>
     <span class='ocr_line' id='line_1_5' title="bbox 215 768 1174 853; baseline 0.006 -25"><span class='ocrx_word' id='word_1_28' title='bbox 215 768 466 848; x_wconf 91' lang='lat' dir='ltr'>interrogabat,</span> <span class='ocrx_word' id='word_1_29' title='bbox 500 788 607 848; x_wconf 90' lang='lat' dir='ltr'>quare</span> <span class='ocrx_word' id='word_1_30' title='bbox 647 777 719 831; x_wconf 91' lang='lat' dir='ltr'>tam</span> <span class='ocrx_word' id='word_1_31' title='bbox 759 771 916 850; x_wconf 90' lang='lat' dir='ltr'>nequiter</span> <span class='ocrx_word' id='word_1_32' title='bbox 943 770 1174 853; x_wconf 90' lang='lat' dir='ltr'>judicassent,</span> 
     </span>
     <span class='ocr_line' id='line_1_6' title="bbox 214 864 1175 949; baseline 0.005 -23"><span class='ocrx_word' id='word_1_33' title='bbox 214 875 333 928; x_wconf 92' lang='lat' dir='ltr'>utrum</span> <span class='ocrx_word' id='word_1_34' title='bbox 350 885 413 947; x_wconf 89' lang='lat' dir='ltr'>per</span> <span class='ocrx_word' id='word_1_35' title='bbox 439 867 684 946; x_wconf 80' lang='lat' dir='ltr'>ignorantiam,</span> <span class='ocrx_word' id='word_1_36' title='bbox 702 875 763 930; x_wconf 90' lang='lat' dir='ltr'>aut</span> <span class='ocrx_word' id='word_1_37' title='bbox 777 876 917 948; x_wconf 91' lang='lat' dir='ltr'>propter</span> <span class='ocrx_word' id='word_1_38' title='bbox 932 869 1035 930; x_wconf 82' lang='lat' dir='ltr'>aliam</span> <span class='ocrx_word' id='word_1_39' title='bbox 1054 864 1175 949; x_wconf 91' lang='lat' dir='ltr'>quam-</span> 
     </span>
     <span class='ocr_line' id='line_1_7' title="bbox 216 962 1173 1047; baseline 0.004 -23"><span class='ocrx_word' id='word_1_40' title='bbox 216 962 301 1025; x_wconf 80' lang='lat' dir='ltr'>libet</span> <span class='ocrx_word' id='word_1_41' title='bbox 325 964 614 1039; x_wconf 84' lang='lat' dir='ltr'>malevolentiam,</span> <span class='ocrx_word' id='word_1_42' title='bbox 629 965 663 1026; x_wconf 94' lang='lat' dir='ltr'>id</span> <span class='ocrx_word' id='word_1_43' title='bbox 680 974 744 1039; x_wconf 90' lang='lat' dir='ltr'>est,</span> <span class='ocrx_word' id='word_1_44' title='bbox 760 974 875 1027; x_wconf 90' lang='lat' dir='ltr'>utrum</span> <span class='ocrx_word' id='word_1_45' title='bbox 892 985 955 1047; x_wconf 91' lang='lat' dir='ltr'>pro</span> <span class='ocrx_word' id='word_1_46' title='bbox 979 967 1173 1046; x_wconf 91' lang='lat' dir='ltr'>aliquorum</span> 
     </span>
     <span class='ocr_line' id='line_1_8' title="bbox 216 1062 1172 1145; baseline 0.004 -22"><span class='ocrx_word' id='word_1_47' title='bbox 216 1079 346 1137; x_wconf 87' lang='lat' dir='ltr'>amore,</span> <span class='ocrx_word' id='word_1_48' title='bbox 365 1062 420 1124; x_wconf 89' lang='lat' dir='ltr'>vel</span> <span class='ocrx_word' id='word_1_49' title='bbox 436 1063 569 1137; x_wconf 91' lang='lat' dir='ltr'>timore,</span> <span class='ocrx_word' id='word_1_50' title='bbox 588 1071 649 1125; x_wconf 93' lang='lat' dir='ltr'>aut</span> <span class='ocrx_word' id='word_1_51' title='bbox 670 1063 760 1139; x_wconf 90' lang='lat' dir='ltr'>odio,</span> <span class='ocrx_word' id='word_1_52' title='bbox 778 1070 838 1126; x_wconf 91' lang='lat' dir='ltr'>aut</span> <span class='ocrx_word' id='word_1_53' title='bbox 863 1065 967 1126; x_wconf 88' lang='lat' dir='ltr'>etiam</span> <span class='ocrx_word' id='word_1_54' title='bbox 983 1083 1046 1145; x_wconf 92' lang='lat' dir='ltr'>pro</span> <span class='ocrx_word' id='word_1_55' title='bbox 1065 1065 1172 1127; x_wconf 89' lang='lat' dir='ltr'>alicu·</span> 
     </span>
     <span class='ocr_line' id='line_1_9' title="bbox 211 1160 1174 1246; baseline 0.004 -25"><span class='ocrx_word' id='word_1_56' title='bbox 211 1160 271 1242; x_wconf 89' lang='lat' dir='ltr'>jus</span> <span class='ocrx_word' id='word_1_57' title='bbox 289 1161 445 1240; x_wconf 84' lang='lat' dir='ltr'>pecuniae</span> <span class='ocrx_word' id='word_1_58' title='bbox 472 1161 681 1243; x_wconf 71' lang='lat' dir='ltr'>cupiditate?</span> <span class='ocrx_word' id='word_1_59' title='bbox 733 1161 890 1242; x_wconf 89' lang='lat' dir='ltr'>Denique</span> <span class='ocrx_word' id='word_1_60' title='bbox 914 1163 944 1224; x_wconf 94' lang='lat' dir='ltr'>si</span> <span class='ocrx_word' id='word_1_61' title='bbox 968 1162 1017 1225; x_wconf 92' lang='lat' dir='ltr'>illi</span> <span class='ocrx_word' id='word_1_62' title='bbox 1036 1163 1174 1246; x_wconf 88' lang='lat' dir='ltr'>judices</span> 
     </span>
     <span class='ocr_line' id='line_1_10' title="bbox 216 1260 1174 1343; baseline 0.005 -25"><span class='ocrx_word' id='word_1_63' title='bbox 216 1260 473 1339; x_wconf 87' lang='lat' dir='ltr'>profiterentur,</span> <span class='ocrx_word' id='word_1_64' title='bbox 484 1270 667 1339; x_wconf 89' lang='lat' dir='ltr'>propterea</span> <span class='ocrx_word' id='word_1_65' title='bbox 682 1279 719 1322; x_wconf 85' lang='lat' dir='ltr'>so</span> <span class='ocrx_word' id='word_1_66' title='bbox 734 1260 815 1322; x_wconf 87' lang='lat' dir='ltr'>talia</span> <span class='ocrx_word' id='word_1_67' title='bbox 823 1261 1010 1343; x_wconf 86' lang='lat' dir='ltr'>judicasse,</span> <span class='ocrx_word' id='word_1_68' title='bbox 1024 1281 1064 1324; x_wconf 93' lang='lat' dir='ltr'>eo</span> <span class='ocrx_word' id='word_1_69' title='bbox 1080 1263 1174 1343; x_wconf 92' lang='lat' dir='ltr'>quod</span> 
     </span>
     <span class='ocr_line' id='line_1_11' title="bbox 216 1353 1174 1439; baseline 0.003 -21"><span class='ocrx_word' id='word_1_70' title='bbox 216 1356 302 1418; x_wconf 91' lang='lat' dir='ltr'>nihil</span> <span class='ocrx_word' id='word_1_71' title='bbox 321 1358 449 1420; x_wconf 89' lang='lat' dir='ltr'>rectius</span> <span class='ocrx_word' id='word_1_72' title='bbox 465 1357 507 1419; x_wconf 89' lang='lat' dir='ltr'>de</span> <span class='ocrx_word' id='word_1_73' title='bbox 532 1357 584 1419; x_wconf 90' lang='lat' dir='ltr'>bis</span> <span class='ocrx_word' id='word_1_74' title='bbox 599 1353 701 1420; x_wconf 86' lang='lat' dir='ltr'>rebus</span> <span class='ocrx_word' id='word_1_75' title='bbox 719 1357 806 1420; x_wconf 90' lang='lat' dir='ltr'>scire</span> <span class='ocrx_word' id='word_1_76' title='bbox 821 1366 993 1439; x_wconf 83' lang='lat' dir='ltr'>poterant,</span> <span class='ocrx_word' id='word_1_77' title='bbox 1010 1367 1093 1422; x_wconf 89' lang='lat' dir='ltr'>tunc</span> <span class='ocrx_word' id='word_1_78' title='bbox 1116 1359 1174 1421; x_wconf 91' lang='lat' dir='ltr'>ille</span> 
     </span>
     <span class='ocr_line' id='line_1_12' title="bbox 217 1446 1175 1538; baseline 0.004 -23"><span class='ocrx_word' id='word_1_79' title='bbox 217 1455 366 1519; x_wconf 86' lang='lat' dir='ltr'>discrete</span> <span class='ocrx_word' id='word_1_80' title='bbox 382 1474 422 1519; x_wconf 94' lang='lat' dir='ltr'>ac</span> <span class='ocrx_word' id='word_1_81' title='bbox 438 1456 655 1519; x_wconf 89' lang='lat' dir='ltr'>moderanter</span> <span class='ocrx_word' id='word_1_82' title='bbox 669 1455 804 1518; x_wconf 84' lang='lat' dir='ltr'>illorum</span> <span class='ocrx_word' id='word_1_83' title='bbox 820 1457 1027 1538; x_wconf 90' lang='lat' dir='ltr'>imperitiam</span> <span class='ocrx_word' id='word_1_84' title='bbox 1044 1446 1079 1520; x_wconf 76' lang='lat' dir='ltr'>e&#39;t</span> <span class='ocrx_word' id='word_1_85' title='bbox 1091 1458 1175 1519; x_wconf 92' lang='lat' dir='ltr'>insi·</span> 
     </span>
     <span class='ocr_line' id='line_1_13' title="bbox 217 1554 1175 1636; baseline 0.003 -22"><span class='ocrx_word' id='word_1_86' title='bbox 217 1554 382 1632; x_wconf 90' lang='lat' dir='ltr'>pientiam</span> <span class='ocrx_word' id='word_1_87' title='bbox 409 1555 631 1635; x_wconf 74' lang='lat' dir='ltr'>redarguam,</span> <span class='ocrx_word' id='word_1_88' title='bbox 656 1556 782 1629; x_wconf 84' lang='lat' dir='ltr'>aiebat,</span> <span class='ocrx_word' id='word_1_89' title='bbox 808 1555 858 1617; x_wconf 92' lang='lat' dir='ltr'>ita</span> <span class='ocrx_word' id='word_1_90' title='bbox 884 1556 1056 1636; x_wconf 68' lang='lat' dir='ltr'>inquiens</span> <span class='ocrx_word' id='word_1_91' title='bbox 1084 1556 1175 1617; x_wconf 86' lang='lat' dir='ltr'>‘Ni-</span> 
     </span>
     <span class='ocr_line' id='line_1_14' title="bbox 217 1651 1174 1732; baseline 0.002 -20"><span class='ocrx_word' id='word_1_92' title='bbox 217 1653 322 1713; x_wconf 91' lang='lat' dir='ltr'>mium</span> <span class='ocrx_word' id='word_1_93' title='bbox 338 1653 489 1714; x_wconf 88' lang='lat' dir='ltr'>admiror</span> <span class='ocrx_word' id='word_1_94' title='bbox 505 1660 655 1714; x_wconf 90' lang='lat' dir='ltr'>vestram</span> <span class='ocrx_word' id='word_1_95' title='bbox 671 1653 759 1714; x_wconf 90' lang='lat' dir='ltr'>hanc</span> <span class='ocrx_word' id='word_1_96' title='bbox 772 1651 1003 1728; x_wconf 87' lang='lat' dir='ltr'>insolentiam,</span> <span class='ocrx_word' id='word_1_97' title='bbox 1022 1672 1062 1714; x_wconf 94' lang='lat' dir='ltr'>eo</span> <span class='ocrx_word' id='word_1_98' title='bbox 1081 1654 1174 1732; x_wconf 94' lang='lat' dir='ltr'>quod</span> 
     </span>
     <span class='ocr_line' id='line_1_15' title="bbox 218 1749 1175 1831; baseline 0.002 -20"><span class='ocrx_word' id='word_1_99' title='bbox 218 1750 286 1811; x_wconf 91' lang='lat' dir='ltr'>Dei</span> <span class='ocrx_word' id='word_1_100' title='bbox 301 1750 392 1811; x_wconf 91' lang='lat' dir='ltr'>douo</span> <span class='ocrx_word' id='word_1_101' title='bbox 408 1757 443 1812; x_wconf 92' lang='lat' dir='ltr'>et</span> <span class='ocrx_word' id='word_1_102' title='bbox 464 1768 541 1812; x_wconf 90' lang='lat' dir='ltr'>meo</span> <span class='ocrx_word' id='word_1_103' title='bbox 565 1750 772 1829; x_wconf 87' lang='lat' dir='ltr'>sapientium</span> <span class='ocrx_word' id='word_1_104' title='bbox 790 1749 1016 1812; x_wconf 89' lang='lat' dir='ltr'>ministerium</span> <span class='ocrx_word' id='word_1_105' title='bbox 1038 1758 1072 1813; x_wconf 89' lang='lat' dir='ltr'>et</span> <span class='ocrx_word' id='word_1_106' title='bbox 1095 1771 1175 1831; x_wconf 87' lang='lat' dir='ltr'>gra-</span> 
     </span>
     <span class='ocr_line' id='line_1_16' title="bbox 217 1848 1174 1930; baseline 0.002 -21"><span class='ocrx_word' id='word_1_107' title='bbox 217 1848 299 1909; x_wconf 95' lang='lat' dir='ltr'>dum</span> <span class='ocrx_word' id='word_1_108' title='bbox 331 1849 536 1927; x_wconf 75' lang='lat' dir='ltr'>usurpastis.</span> <span class='ocrx_word' id='word_1_109' title='bbox 561 1848 742 1928; x_wconf 75' lang='lat' dir='ltr'>sapientiae</span> <span class='ocrx_word' id='word_1_110' title='bbox 767 1855 881 1911; x_wconf 92' lang='lat' dir='ltr'>autem</span> <span class='ocrx_word' id='word_1_111' title='bbox 914 1849 1066 1910; x_wconf 92' lang='lat' dir='ltr'>studium</span> <span class='ocrx_word' id='word_1_112' title='bbox 1091 1868 1174 1930; x_wconf 91' lang='lat' dir='ltr'>ope-</span> 
     </span>
     <span class='ocr_line' id='line_1_17' title="bbox 217 1946 1174 2028; baseline 0.001 -20"><span class='ocrx_word' id='word_1_113' title='bbox 217 1964 361 2027; x_wconf 86' lang='lat' dir='ltr'>ramque</span> <span class='ocrx_word' id='word_1_114' title='bbox 391 1946 616 2026; x_wconf 81' lang='lat' dir='ltr'>neglexistis:</span> <span class='ocrx_word' id='word_1_115' title='bbox 641 1953 854 2028; x_wconf 89' lang='lat' dir='ltr'>quapropter</span> <span class='ocrx_word' id='word_1_116' title='bbox 871 1954 933 2009; x_wconf 91' lang='lat' dir='ltr'>aut</span> <span class='ocrx_word' id='word_1_117' title='bbox 959 1954 1174 2009; x_wconf 88' lang='lat' dir='ltr'>terrenarum</span> 
     </span>
     <span class='ocr_line' id='line_1_18' title="bbox 217 2043 1176 2125; baseline 0 -18"><span class='ocrx_word' id='word_1_118' title='bbox 217 2052 431 2125; x_wconf 88' lang='lat' dir='ltr'>potestatum</span> <span class='ocrx_word' id='word_1_119' title='bbox 445 2044 635 2106; x_wconf 90' lang='lat' dir='ltr'>ministeria</span> <span class='ocrx_word' id='word_1_120' title='bbox 653 2063 732 2124; x_wconf 87' lang='lat' dir='ltr'>quae</span> <span class='ocrx_word' id='word_1_121' title='bbox 751 2043 885 2106; x_wconf 92' lang='lat' dir='ltr'>habetis</span> <span class='ocrx_word' id='word_1_122' title='bbox 907 2043 1001 2107; x_wconf 93' lang='lat' dir='ltr'>illico</span> <span class='ocrx_word' id='word_1_123' title='bbox 1024 2043 1176 2107; x_wconf 89' lang='lat' dir='ltr'>dimitta-</span> 
     </span>
     <span class='ocr_line' id='line_1_19' title="bbox 219 2140 1174 2223; baseline 0 -19"><span class='ocrx_word' id='word_1_124' title='bbox 219 2143 275 2217; x_wconf 91' lang='lat' dir='ltr'>tis,</span> <span class='ocrx_word' id='word_1_125' title='bbox 300 2151 364 2206; x_wconf 90' lang='lat' dir='ltr'>aut</span> <span class='ocrx_word' id='word_1_126' title='bbox 393 2143 573 2223; x_wconf 86' lang='lat' dir='ltr'>sapientiae</span> <span class='ocrx_word' id='word_1_127' title='bbox 601 2142 725 2204; x_wconf 88' lang='lat' dir='ltr'>studiis</span> <span class='ocrx_word' id='word_1_128' title='bbox 751 2140 859 2204; x_wconf 91' lang='lat' dir='ltr'>multo</span> <span class='ocrx_word' id='word_1_129' title='bbox 886 2140 1044 2204; x_wconf 87' lang='lat' dir='ltr'>devotius</span> <span class='ocrx_word' id='word_1_130' title='bbox 1069 2161 1174 2223; x_wconf 92' lang='lat' dir='ltr'>quam</span> 
     </span>
     <span class='ocr_line' id='line_1_20' title="bbox 218 2239 1174 2317; baseline 0.002 -17"><span class='ocrx_word' id='word_1_131' title='bbox 218 2239 387 2303; x_wconf 82' lang='lat' dir='ltr'>hactenus</span> <span class='ocrx_word' id='word_1_132' title='bbox 417 2241 588 2315; x_wconf 87' lang='lat' dir='ltr'>insistere,</span> <span class='ocrx_word' id='word_1_133' title='bbox 615 2239 754 2316; x_wconf 90' lang='lat' dir='ltr'>maudo,</span> <span class='ocrx_word' id='word_1_134' title='bbox 781 2240 973 2302; x_wconf 90' lang='lat' dir='ltr'>studeatis.’</span> <span class='ocrx_word' id='word_1_135' title='bbox 1037 2239 1174 2317; x_wconf 85' lang='lat' dir='ltr'>Quibus</span> 
     </span>
    </p>
   </div>
   <div class='ocr_carea' id='block_1_3' title="bbox 218 2327 1326 2419">
    <p class='ocr_par' dir='ltr' id='par_1_3' title="bbox 218 2327 1326 2419">
     <span class='ocr_line' id='line_1_21' title="bbox 218 2327 1326 2419; baseline 0 -20"><span class='ocrx_word' id='word_1_136' title='bbox 218 2337 347 2400; x_wconf 90' lang='lat' dir='ltr'>auditis</span> <span class='ocrx_word' id='word_1_137' title='bbox 376 2339 491 2400; x_wconf 86' lang='lat' dir='ltr'>verbis</span> <span class='ocrx_word' id='word_1_138' title='bbox 522 2338 708 2418; x_wconf 85' lang='lat' dir='ltr'>perterriti,</span> <span class='ocrx_word' id='word_1_139' title='bbox 731 2356 772 2400; x_wconf 89' lang='lat' dir='ltr'>ac</span> <span class='ocrx_word' id='word_1_140' title='bbox 797 2338 906 2401; x_wconf 90' lang='lat' dir='ltr'>veluti</span> <span class='ocrx_word' id='word_1_141' title='bbox 932 2356 996 2419; x_wconf 91' lang='lat' dir='ltr'>pro</span> <span class='ocrx_word' id='word_1_142' title='bbox 1021 2339 1175 2401; x_wconf 84' lang='lat' dir='ltr'>maxima</span> <span class='ocrx_word' id='word_1_143' title='bbox 1277 2333 1280 2338; x_wconf 78' lang='grc'><strong>’</strong></span> <span class='ocrx_word' id='word_1_144' title='bbox 1319 2327 1326 2338; x_wconf 87' lang='grc'>’</span> 
     </span>
    </p>
   </div>
   <div class='ocr_carea' id='block_1_4' title="bbox 213 2434 1182 4080">
    <p class='ocr_par' dir='ltr' id='par_1_4' title="bbox 213 2434 1182 4080">
     <span class='ocr_line' id='line_1_22' title="bbox 217 2434 1174 2517; baseline 0.001 -20"><span class='ocrx_word' id='word_1_145' title='bbox 217 2434 373 2497; x_wconf 84' lang='lat' dir='ltr'>vindicta</span> <span class='ocrx_word' id='word_1_146' title='bbox 395 2437 552 2510; x_wconf 90' lang='lat' dir='ltr'>correcti,</span> <span class='ocrx_word' id='word_1_147' title='bbox 574 2436 718 2497; x_wconf 88' lang='lat' dir='ltr'>comites</span> <span class='ocrx_word' id='word_1_148' title='bbox 742 2442 777 2497; x_wconf 89' lang='lat' dir='ltr'>et</span> <span class='ocrx_word' id='word_1_149' title='bbox 799 2436 977 2516; x_wconf 86' lang='lat' dir='ltr'>praepositi</span> <span class='ocrx_word' id='word_1_150' title='bbox 1000 2437 1043 2498; x_wconf 91' lang='lat' dir='ltr'>ad</span> <span class='ocrx_word' id='word_1_151' title='bbox 1066 2436 1174 2517; x_wconf 90' lang='lat' dir='ltr'>aequi·</span> 
     </span>
     <span class='ocr_line' id='line_1_23' title="bbox 219 2533 1175 2597; baseline 0 -1"><span class='ocrx_word' id='word_1_152' title='bbox 219 2534 301 2596; x_wconf 89' lang='lat' dir='ltr'>tatis</span> <span class='ocrx_word' id='word_1_153' title='bbox 333 2534 504 2596; x_wconf 83' lang='lat' dir='ltr'>discendae</span> <span class='ocrx_word' id='word_1_154' title='bbox 531 2533 683 2595; x_wconf 90' lang='lat' dir='ltr'>studium</span> <span class='ocrx_word' id='word_1_155' title='bbox 711 2533 793 2595; x_wconf 88' lang='lat' dir='ltr'>totis</span> <span class='ocrx_word' id='word_1_156' title='bbox 819 2533 949 2596; x_wconf 86' lang='lat' dir='ltr'>viribus</span> <span class='ocrx_word' id='word_1_157' title='bbox 975 2552 1013 2596; x_wconf 87' lang='lat' dir='ltr'>se</span> <span class='ocrx_word' id='word_1_158' title='bbox 1038 2541 1175 2597; x_wconf 85' lang='lat' dir='ltr'>vertere</span> 
     </span>
     <span class='ocr_line' id='line_1_24' title="bbox 219 2630 1173 2705; baseline 0.001 -12"><span class='ocrx_word' id='word_1_159' title='bbox 219 2631 440 2705; x_wconf 80' lang='lat' dir='ltr'>nitebantur3</span> <span class='ocrx_word' id='word_1_160' title='bbox 466 2632 517 2695; x_wconf 91' lang='lat' dir='ltr'>ita</span> <span class='ocrx_word' id='word_1_161' title='bbox 536 2639 576 2693; x_wconf 91' lang='lat' dir='ltr'>ut</span> <span class='ocrx_word' id='word_1_162' title='bbox 596 2631 720 2692; x_wconf 91' lang='lat' dir='ltr'>mirum</span> <span class='ocrx_word' id='word_1_163' title='bbox 739 2631 775 2692; x_wconf 91' lang='lat' dir='ltr'>in</span> <span class='ocrx_word' id='word_1_164' title='bbox 795 2631 935 2694; x_wconf 90' lang='lat' dir='ltr'>modum</span> <span class='ocrx_word' id='word_1_165' title='bbox 951 2630 1106 2694; x_wconf 89' lang='lat' dir='ltr'>illiterati</span> <span class='ocrx_word' id='word_1_166' title='bbox 1129 2634 1173 2694; x_wconf 86' lang='lat' dir='ltr'>ab</span> 
     </span>
     <span class='ocr_line' id='line_1_25' title="bbox 213 2729 1174 2810; baseline 0 -20"><span class='ocrx_word' id='word_1_167' title='bbox 213 2729 375 2802; x_wconf 85' lang='lat' dir='ltr'>infantia,</span> <span class='ocrx_word' id='word_1_168' title='bbox 407 2729 549 2791; x_wconf 89' lang='lat' dir='ltr'>comites</span> <span class='ocrx_word' id='word_1_169' title='bbox 569 2748 676 2809; x_wconf 91' lang='lat' dir='ltr'>penes</span> <span class='ocrx_word' id='word_1_170' title='bbox 703 2748 819 2792; x_wconf 91' lang='lat' dir='ltr'>omnes</span> <span class='ocrx_word' id='word_1_171' title='bbox 842 2729 1023 2810; x_wconf 82' lang='lat' dir='ltr'>praepositi</span> <span class='ocrx_word' id='word_1_172' title='bbox 1046 2748 1086 2792; x_wconf 91' lang='lat' dir='ltr'>ac</span> <span class='ocrx_word' id='word_1_173' title='bbox 1110 2730 1174 2791; x_wconf 93' lang='lat' dir='ltr'>mi-</span> 
     </span>
     <span class='ocr_line' id='line_1_26' title="bbox 219 2826 1175 2902; baseline 0 -14"><span class='ocrx_word' id='word_1_174' title='bbox 219 2827 332 2902; x_wconf 89' lang='lat' dir='ltr'>nistri,</span> <span class='ocrx_word' id='word_1_175' title='bbox 355 2826 556 2890; x_wconf 85' lang='lat' dir='ltr'>literatoriae</span> <span class='ocrx_word' id='word_1_176' title='bbox 581 2827 650 2889; x_wconf 88' lang='lat' dir='ltr'>arti</span> <span class='ocrx_word' id='word_1_177' title='bbox 674 2827 862 2902; x_wconf 88' lang='lat' dir='ltr'>studerent,</span> <span class='ocrx_word' id='word_1_178' title='bbox 880 2827 1049 2888; x_wconf 88' lang='lat' dir='ltr'>malentes</span> <span class='ocrx_word' id='word_1_179' title='bbox 1061 2828 1175 2889; x_wconf 90' lang='lat' dir='ltr'>insue-</span> 
     </span>
     <span class='ocr_line' id='line_1_27' title="bbox 219 2923 1175 3006; baseline 0 -19"><span class='ocrx_word' id='word_1_180' title='bbox 219 2932 290 2987; x_wconf 91' lang='lat' dir='ltr'>tam</span> <span class='ocrx_word' id='word_1_181' title='bbox 311 2925 526 3005; x_wconf 89' lang='lat' dir='ltr'>disciplinam</span> <span class='ocrx_word' id='word_1_182' title='bbox 550 2923 721 2987; x_wconf 90' lang='lat' dir='ltr'>laboriose</span> <span class='ocrx_word' id='word_1_183' title='bbox 744 2925 874 2986; x_wconf 88' lang='lat' dir='ltr'>discere</span> <span class='ocrx_word' id='word_1_184' title='bbox 897 2943 1001 3005; x_wconf 91' lang='lat' dir='ltr'>quam</span> <span class='ocrx_word' id='word_1_185' title='bbox 1019 2932 1175 3006; x_wconf 90' lang='lat' dir='ltr'>potesta-</span> 
     </span>
     <span class='ocr_line' id='line_1_28' title="bbox 220 3021 1176 3102; baseline 0.002 -18"><span class='ocrx_word' id='word_1_186' title='bbox 220 3029 292 3085; x_wconf 89' lang='lat' dir='ltr'>tum</span> <span class='ocrx_word' id='word_1_187' title='bbox 305 3023 496 3085; x_wconf 85' lang='lat' dir='ltr'>ministeria</span> <span class='ocrx_word' id='word_1_188' title='bbox 511 3023 693 3085; x_wconf 89' lang='lat' dir='ltr'>dimittere.</span> <span class='ocrx_word' id='word_1_189' title='bbox 739 3021 871 3085; x_wconf 90' lang='lat' dir='ltr'>Verum</span> <span class='ocrx_word' id='word_1_190' title='bbox 894 3022 924 3084; x_wconf 91' lang='lat' dir='ltr'>si</span> <span class='ocrx_word' id='word_1_191' title='bbox 941 3023 1067 3102; x_wconf 85' lang='lat' dir='ltr'>aliquis</span> <span class='ocrx_word' id='word_1_192' title='bbox 1082 3023 1176 3086; x_wconf 88' lang='lat' dir='ltr'>litte-</span> 
     </span>
     <span class='ocr_line' id='line_1_29' title="bbox 220 3119 1178 3201; baseline -0.001 -18"><span class='ocrx_word' id='word_1_193' title='bbox 220 3121 351 3183; x_wconf 89' lang='lat' dir='ltr'>ralibus</span> <span class='ocrx_word' id='word_1_194' title='bbox 367 3119 501 3195; x_wconf 68' lang='lat' dir='ltr'>studiis</span> <span class='ocrx_word' id='word_1_195' title='bbox 520 3128 581 3183; x_wconf 94' lang='lat' dir='ltr'>aut</span> <span class='ocrx_word' id='word_1_196' title='bbox 596 3140 659 3201; x_wconf 92' lang='lat' dir='ltr'>pro</span> <span class='ocrx_word' id='word_1_197' title='bbox 673 3120 780 3196; x_wconf 88' lang='lat' dir='ltr'>senio,</span> <span class='ocrx_word' id='word_1_198' title='bbox 798 3119 851 3182; x_wconf 90' lang='lat' dir='ltr'>vel</span> <span class='ocrx_word' id='word_1_199' title='bbox 870 3120 973 3182; x_wconf 89' lang='lat' dir='ltr'>etiam</span> <span class='ocrx_word' id='word_1_200' title='bbox 992 3138 1055 3199; x_wconf 91' lang='lat' dir='ltr'>pro</span> <span class='ocrx_word' id='word_1_201' title='bbox 1071 3121 1178 3182; x_wconf 90' lang='lat' dir='ltr'>nimia</span> 
     </span>
     <span class='ocr_line' id='line_1_30' title="bbox 218 3217 1179 3298; baseline -0.002 -17"><span class='ocrx_word' id='word_1_202' title='bbox 218 3219 377 3281; x_wconf 89' lang='lat' dir='ltr'>inusitati</span> <span class='ocrx_word' id='word_1_203' title='bbox 397 3219 530 3298; x_wconf 87' lang='lat' dir='ltr'>ingenii</span> <span class='ocrx_word' id='word_1_204' title='bbox 555 3218 729 3292; x_wconf 90' lang='lat' dir='ltr'>tarditate,</span> <span class='ocrx_word' id='word_1_205' title='bbox 752 3217 917 3297; x_wconf 90' lang='lat' dir='ltr'>proficere</span> <span class='ocrx_word' id='word_1_206' title='bbox 941 3236 1011 3279; x_wconf 90' lang='lat' dir='ltr'>non</span> <span class='ocrx_word' id='word_1_207' title='bbox 1034 3218 1179 3292; x_wconf 88' lang='lat' dir='ltr'>valeret,</span> 
     </span>
     <span class='ocr_line' id='line_1_31' title="bbox 221 3314 1180 3396; baseline -0.001 -18"><span class='ocrx_word' id='word_1_208' title='bbox 221 3337 335 3391; x_wconf 91' lang='lat' dir='ltr'>suum,</span> <span class='ocrx_word' id='word_1_209' title='bbox 352 3318 383 3378; x_wconf 94' lang='lat' dir='ltr'>si</span> <span class='ocrx_word' id='word_1_210' title='bbox 399 3316 552 3391; x_wconf 88' lang='lat' dir='ltr'>haberet,</span> <span class='ocrx_word' id='word_1_211' title='bbox 571 3314 690 3389; x_wconf 88' lang='lat' dir='ltr'>filium,</span> <span class='ocrx_word' id='word_1_212' title='bbox 707 3323 767 3377; x_wconf 93' lang='lat' dir='ltr'>aut</span> <span class='ocrx_word' id='word_1_213' title='bbox 791 3315 895 3377; x_wconf 91' lang='lat' dir='ltr'>etiam</span> <span class='ocrx_word' id='word_1_214' title='bbox 921 3315 1072 3396; x_wconf 85' lang='lat' dir='ltr'>aliquem</span> <span class='ocrx_word' id='word_1_215' title='bbox 1098 3335 1180 3395; x_wconf 87' lang='lat' dir='ltr'>pro-</span> 
     </span>
     <span class='ocr_line' id='line_1_32' title="bbox 220 3411 1179 3495; baseline -0.001 -20"><span class='ocrx_word' id='word_1_216' title='bbox 220 3415 389 3495; x_wconf 91' lang='lat' dir='ltr'>pinquum</span> <span class='ocrx_word' id='word_1_217' title='bbox 412 3433 525 3487; x_wconf 91' lang='lat' dir='ltr'>suum,</span> <span class='ocrx_word' id='word_1_218' title='bbox 540 3413 596 3476; x_wconf 85' lang='lat' dir='ltr'>vel</span> <span class='ocrx_word' id='word_1_219' title='bbox 620 3413 734 3485; x_wconf 88' lang='lat' dir='ltr'>etiam,</span> <span class='ocrx_word' id='word_1_220' title='bbox 760 3413 790 3474; x_wconf 92' lang='lat' dir='ltr'>si</span> <span class='ocrx_word' id='word_1_221' title='bbox 817 3413 918 3475; x_wconf 90' lang='lat' dir='ltr'>aliter</span> <span class='ocrx_word' id='word_1_222' title='bbox 935 3432 1004 3474; x_wconf 92' lang='lat' dir='ltr'>non</span> <span class='ocrx_word' id='word_1_223' title='bbox 1024 3411 1179 3487; x_wconf 88' lang='lat' dir='ltr'>haberet,</span> 
     </span>
     <span class='ocr_line' id='line_1_33' title="bbox 222 3510 1180 3592; baseline -0.001 -19"><span class='ocrx_word' id='word_1_224' title='bbox 222 3531 323 3574; x_wconf 93' lang='lat' dir='ltr'>suum</span> <span class='ocrx_word' id='word_1_225' title='bbox 352 3512 530 3592; x_wconf 87' lang='lat' dir='ltr'>proprium</span> <span class='ocrx_word' id='word_1_226' title='bbox 559 3511 742 3585; x_wconf 90' lang='lat' dir='ltr'>hominem,</span> <span class='ocrx_word' id='word_1_227' title='bbox 766 3510 910 3573; x_wconf 87' lang='lat' dir='ltr'>libemm</span> <span class='ocrx_word' id='word_1_228' title='bbox 941 3510 998 3573; x_wconf 89' lang='lat' dir='ltr'>vel</span> <span class='ocrx_word' id='word_1_229' title='bbox 1028 3529 1180 3586; x_wconf 89' lang='lat' dir='ltr'>servum,</span> 
     </span>
     <span class='ocr_line' id='line_1_34' title="bbox 221 3607 1180 3689; baseline -0.002 -18"><span class='ocrx_word' id='word_1_230' title='bbox 221 3629 324 3689; x_wconf 92' lang='lat' dir='ltr'>quem</span> <span class='ocrx_word' id='word_1_231' title='bbox 339 3611 384 3671; x_wconf 90' lang='lat' dir='ltr'>ad</span> <span class='ocrx_word' id='word_1_232' title='bbox 400 3609 582 3672; x_wconf 89' lang='lat' dir='ltr'>lectionem</span> <span class='ocrx_word' id='word_1_233' title='bbox 605 3609 709 3689; x_wconf 91' lang='lat' dir='ltr'>longe</span> <span class='ocrx_word' id='word_1_234' title='bbox 727 3615 806 3671; x_wconf 89' lang='lat' dir='ltr'>ante</span> <span class='ocrx_word' id='word_1_235' title='bbox 821 3616 1056 3688; x_wconf 87' lang='lat' dir='ltr'>promoverat,</span> <span class='ocrx_word' id='word_1_236' title='bbox 1074 3607 1180 3669; x_wconf 91' lang='lat' dir='ltr'>libros</span> 
     </span>
     <span class='ocr_line' id='line_1_35' title="bbox 222 3705 1180 3786; baseline -0.003 -17"><span class='ocrx_word' id='word_1_237' title='bbox 222 3715 303 3769; x_wconf 88' lang='lat' dir='ltr'>aute</span> <span class='ocrx_word' id='word_1_238' title='bbox 323 3727 361 3769; x_wconf 89' lang='lat' dir='ltr'>se</span> <span class='ocrx_word' id='word_1_239' title='bbox 388 3707 442 3768; x_wconf 86' lang='lat' dir='ltr'>die</span> <span class='ocrx_word' id='word_1_240' title='bbox 471 3719 657 3786; x_wconf 87' lang='lat' dir='ltr'>noctuque,</span> <span class='ocrx_word' id='word_1_241' title='bbox 683 3705 956 3786; x_wconf 90' lang='lat' dir='ltr'>quandocunque</span> <span class='ocrx_word' id='word_1_242' title='bbox 982 3705 1090 3765; x_wconf 92' lang='lat' dir='ltr'>ullam</span> <span class='ocrx_word' id='word_1_243' title='bbox 1118 3705 1180 3766; x_wconf 88' lang='lat' dir='ltr'>ha·</span> 
     </span>
     <span class='ocr_line' id='line_1_36' title="bbox 223 3802 1180 3882; baseline -0.002 -15"><span class='ocrx_word' id='word_1_244' title='bbox 223 3807 319 3868; x_wconf 90' lang='lat' dir='ltr'>beret</span> <span class='ocrx_word' id='word_1_245' title='bbox 352 3805 539 3877; x_wconf 88' lang='lat' dir='ltr'>licentiam,</span> <span class='ocrx_word' id='word_1_246' title='bbox 571 3802 763 3864; x_wconf 85' lang='lat' dir='ltr'>Saxonicos</span> <span class='ocrx_word' id='word_1_247' title='bbox 801 3802 995 3882; x_wconf 91' lang='lat' dir='ltr'>imperabat</span> <span class='ocrx_word' id='word_1_248' title='bbox 1023 3802 1180 3865; x_wconf 86' lang='lat' dir='ltr'>recitare.</span> 
     </span>
     <span class='ocr_line' id='line_1_37' title="bbox 224 3899 1182 3984; baseline -0.002 -19"><span class='ocrx_word' id='word_1_249' title='bbox 224 3904 298 3984; x_wconf 91' lang='lat' dir='ltr'>Ipsi</span> <span class='ocrx_word' id='word_1_250' title='bbox 313 3921 396 3964; x_wconf 91' lang='lat' dir='ltr'>vero</span> <span class='ocrx_word' id='word_1_251' title='bbox 412 3919 511 3962; x_wconf 91' lang='lat' dir='ltr'>senes</span> <span class='ocrx_word' id='word_1_252' title='bbox 530 3900 672 3961; x_wconf 92' lang='lat' dir='ltr'>nimium</span> <span class='ocrx_word' id='word_1_253' title='bbox 689 3901 915 3981; x_wconf 66' lang='lat' dir='ltr'>suspirantes</span> <span class='ocrx_word' id='word_1_254' title='bbox 929 3899 1052 3962; x_wconf 89' lang='lat' dir='ltr'>intima</span> <span class='ocrx_word' id='word_1_255' title='bbox 1067 3909 1182 3963; x_wconf 84' lang='lat' dir='ltr'>mente</span> 
     </span>
     <span class='ocr_line' id='line_1_38' title="bbox 223 3997 1182 4080; baseline -0.004 -16"><span class='ocrx_word' id='word_1_256' title='bbox 223 4001 387 4064; x_wconf 90' lang='lat' dir='ltr'>dolebant</span> <span class='ocrx_word' id='word_1_257' title='bbox 406 4019 446 4062; x_wconf 87' lang='lat' dir='ltr'>co</span> <span class='ocrx_word' id='word_1_258' title='bbox 470 3998 560 4079; x_wconf 93' lang='lat' dir='ltr'>quod</span> <span class='ocrx_word' id='word_1_259' title='bbox 578 3999 613 4059; x_wconf 89' lang='lat' dir='ltr'>in</span> <span class='ocrx_word' id='word_1_260' title='bbox 626 3997 811 4080; x_wconf 83' lang='lat' dir='ltr'>juventute</span> <span class='ocrx_word' id='word_1_261' title='bbox 834 4017 898 4060; x_wconf 88' lang='lat' dir='ltr'>sua</span> <span class='ocrx_word' id='word_1_262' title='bbox 914 3999 1041 4061; x_wconf 89' lang='lat' dir='ltr'>talibus</span> <span class='ocrx_word' id='word_1_263' title='bbox 1059 3999 1182 4061; x_wconf 90' lang='lat' dir='ltr'>studiis</span> 
     </span>
    </p>
   </div>
   <div class='ocr_carea' id='block_1_5' title="bbox 0 0 1565 4770">
    <p class='ocr_par' dir='ltr' id='par_1_5' title="bbox 0 0 1565 4770">
     <span class='ocr_line' id='line_1_39' title="bbox 0 0 1565 4770; baseline 0 0"><span class='ocrx_word' id='word_1_264' title='bbox 0 0 1565 4770; x_wconf 95' lang='lat' dir='ltr'> </span> 
     </span>
    </p>
   </div>
  </div>
 </body>
</html>
