3098 4770
439 350 632 396 ruonnnrn
660 350 936 398 wrconnmnsrs.
1095 334 1160 397 119

267 499 413 581 Eclipsis
428 502 520 565 lunae
535 502 718 567 sactaest.¹
770 504 904 584 Magna
930 504 1055 584 praedae
1081 521 1161 583 por·
1192 517 1308 557 art-⁹⁰⁵.

215 597 307 659 tione
324 601 504 679 promissa,
522 601 604 664 clito
629 602 878 666 AEthelwoldus
903 602 1026 665 suadet
1049 601 1160 664 Danis
1173 582 1293 670 iiiiii(

217 694 480 777 East-Angliam
497 699 763 763 inhabitantibus
779 709 819 764 ut
838 721 954 765 secum
968 700 1160 780 praedatum
1174 680 1324 768 &iiidie

214 793 344 856 vadant
367 797 403 857 in
424 797 508 858 fines
536 797 753 861 Merciorum.
805 800 870 862 Cui
898 799 1159 872 consentientes
1174 779 1323 875 ‘i'ii'a’i'iiun

213 908 297 952 mox
309 911 386 954 cum
402 912 482 974 rege
498 894 644 958 thrico
658 896 756 958 simui
774 906 809 960 et
824 896 1055 959 AEthelwoldo
1068 895 1161 957 Mer-
1174 877 1222 916 ‘¹⁰¹³
1232 875 1320 915 m·

213 988 342 1051 ciorum
359 991 443 1053 fines
458 993 661 1071 irrumpunt,
676 993 868 1074 praedaeque
883 993 1064 1066 instantes
1079 1012 1163 1055 cun-

214 1093 272 1147 cta
295 1088 433 1152 caedunt
455 1089 556 1164 ferro,
574 1090 710 1154 damma
726 1099 852 1154 caetera
873 1091 1066 1165 destruunt,
1084 1099 1162 1153 tan-

214 1183 361 1265 demque
395 1185 692 1251 Creccanfordam²
722 1207 830 1269 usqne
860 1190 1075 1270 perveniunt,
1103 1188 1161 1250 ubi

216 1282 380 1346 Tamensi
403 1286 509 1348 fluvio
536 1287 692 1362 transito,
718 1295 751 1348 et
774 1287 863 1349 silva
889 1307 966 1368 qnae
989 1285 1161 1349 Saxonice

216 1380 374 1445 Brodene
412 1390 556 1446 vocatur
586 1392 779 1464 peragrata,
803 1383 904 1446 villas
940 1384 1162 1447 circumcirca

215 1483 347 1557 positas
380 1483 560 1554 invadunt,
590 1502 734 1563 quaeque
773 1484 948 1563 reperiunt
984 1482 1159 1562 diripiunt.

215 1577 365 1659 Jamque
388 1581 514 1661 praedm
538 1582 694 1643 ubertate
717 1582 826 1655 ditati,
841 1581 979 1643 domum
995 1580 1160 1642 advolant

214 1673 306 1738 laeti:
331 1677 390 1738 sed
405 1679 551 1752 ti·ustra;
575 1697 720 1756 namque
735 1697 797 1739 rex
812 1677 1054 1738 invictissimus
1069 1676 1301 1743 Ead·mnerw01a

214 1774 364 1848 war-due,
389 1781 634 1854 congregatam
649 1793 750 1855 quam
775 1775 875 1836 citius
905 1781 1040 1854 poterat
1055 1753 1325 1855 expe-itidti‘in

215 1871 379 1934 ditionem
406 1879 485 1952 post
515 1891 574 1935 eos
599 1892 749 1948 movens,
775 1881 884 1936 terras
909 1871 1057 1947 illorum,
1080 1853 1233 1952 quae⁸¹⁸¹¹¹'

213 1969 302 2032 inter
331 1978 431 2033 terrae
461 1971 605 2034 limitem
633 1971 742 2035 sancti
769 1972 860 2051 regis
891 1969 1100 2034 Eadmundi³
1124 1978 1159 2033 et

215 2067 342 2132 flumen
358 2069 468 2132 Usam
489 2069 565 2132 sitae
579 2076 671 2144 sunt,
686 2069 863 2131 devastat:
887 2068 946 2148 qui
963 2085 985 2129 a
999 2068 1160 2130 devasta-

214 2165 307 2229 tione
329 2185 542 2242 reversnrnS,
559 2175 719 2230 cunctum
734 2166 924 2230 exercitum
941 2165 1042 2227 simul
1064 2166 1161 2228 exire

213 2264 376 2327 mandat:
402 2264 502 2345 cujus
524 2265 625 2347 jussa
649 2271 847 2345 spernentes
873 2264 1160 2339 cantuarienses,

211 2360 337 2423 ibidem
353 2369 609 2437 remanserunt3
633 2362 677 2425 ad
692 2382 778 2442 quos
794 2381 857 2425 rex
871 2369 1004 2442 septem
1018 2363 1161 2424 nuncios

212 2458 365 2533 mitteuS,
382 2467 421 2521 ut
436 2460 571 2521 exirent
585 2460 757 2539 praecepit.
808 2458 940 2522 Verum
962 2459 1014 2521 illi
1037 2459 1084 2521 nil
1099 2460 1161 2521 ho-

192 2555 369 2618 -stilitatis
384 2556 618 2631 formidantes,
633 2557 668 2619 in
683 2575 750 2638 quo
765 2566 943 2637 coeperant
954 2557 1065 2618 securi
1080 2575 1159 2638 per-

211 2663 421 2717 manserunt.
468 2653 547 2729 Quo
560 2656 710 2735 cognito,
726 2654 818 2717 Dani
830 2655 988 2717 festinato
1003 2655 1038 2715 in
1052 2673 1157 2716 unum

212 2750 421 2830 conglobati,
438 2761 578 2831 repente
601 2771 703 2833 super
720 2772 778 2815 eos
801 2753 984 2827 irruerunt,
1000 2752 1158 2814 commis-

212 2866 319 2928 soque
335 2850 433 2929 gravi
449 2849 586 2929 proelio,
597 2850 696 2913 multi
706 2869 750 2912 ex
768 2850 820 2912 his
836 2858 927 2913 etex
941 2849 1010 2912 iilis
1025 2850 1157 2911 cecide-

212 2954 303 3008 runt.
361 2946 446 3009 Dux
476 2947 631 3026 Sigulfus
653 2967 731 3011 cum
756 2948 906 3010 Sibrihto
935 2947 1017 3021 filio,
1043 2965 1158 3009 comes
1171 2971 1283 3011 naman

211 3041 396 3122 sigelmus,
411 3046 502 3124 regis
523 3046 676 3108 minister
701 3045 922 3120 Eadwoldus,
938 3045 1044 3106 abbas
1062 3043 1158 3106 Ken·
1170 3022 1278 3060 ‘¹¹⁸⁸¹²¹”'

211 3140 314 3217 ulfus,
350 3141 638 3221 quampluresque
667 3143 725 3204 alii
753 3161 798 3204 ex
830 3149 928 3222 perte
964 3141 1160 3204 ceciderunt

213 3237 516 3301 bauwariorum!
565 3239 622 3301 Ex
636 3248 733 3319 parte
748 3258 828 3302 vero
844 3239 1022 3302 Danorum
1038 3239 1161 3300 cecidit

212 3335 338 3398 thric
353 3355 416 3398 rex
433 3335 583 3411 iliorum,
595 3337 676 3399 clito
691 3331 965 3411 AEthelwoiduS,⁵
978 3354 1079 3415 quem
1094 3336 1159 3397 sibi

249 3566 254 3594 ¹
273 3565 333 3613 Sax.
347 3565 442 3614 Chron.
453 3580 478 3614 a.
490 3570 548 3627 004,
559 3571 631 3614 recte.
696 3567 770 3624 siaiu,
788 3565 830 3612 the
849 3565 982 3614 Chronicle
999 3579 1085 3613 names
1103 3566 1158 3613 also

210 3656 211 3660 =
246 3629 257 3660 ²
276 3635 494 3696 Creccanfordam.]
512 3635 569 3682 Sax.
580 3634 672 3684 Chrou.
697 3634 821 3682 Eadwald
833 3648 878 3681 sou
889 3634 918 3681 of
925 3634 1005 3681 Acca.

211 3702 392 3763 Creccageidd,
403 3717 461 3750 now
472 3703 616 3752 Oricklade.
730 3701 951 3763 ‘Ethelwoldusff
984 3701 1022 3747 To
1030 3700 1101 3748 these
1113 3700 1155 3748 the

245 3768 255 3797 ³
275 3772 355 3818 Terre
365 3805 371 3817 .
381 3805 389 3820 .
399 3807 405 3819 .
416 3805 422 3819 .
435 3772 594 3832 Eadmundi.]
610 3770 672 3818 Sax.
697 3769 829 3819 Chronicle
840 3770 904 3816 adds
922 3769 1057 3828 Byrhtsige
1074 3783 1119 3816 son
1131 3770 1160 3815 of

210 3839 303 3887 Chron.
315 3839 434 3887 ‘betwuh
450 3839 553 3898 dicum,'
571 3839 672 3886 between
696 3837 829 3896 Beornoth‚
847 3838 934 3896 Ysopa
952 3836 993 3883 the
1015 3837 1083 3896 hold,
1106 3839 1155 3883 and

209 3910 248 3956 tire
260 3909 337 3957 diaes.
360 3909 408 3956 See
421 3907 609 3968 Lappenberg's
621 3908 671 3954 Eu·
696 3905 799 3964 Oseytel
818 3905 859 3952 the
871 3905 938 3952 hold.
975 3904 1005 3951 In
1022 3905 1063 3952 the
1081 3905 1155 3951 Latin

210 3979 296 4038 gland,
309 3991 326 4027 1.
338 3993 364 4036 p.
377 3981 434 4026 242.
695 3975 841 4021 documento
853 3974 922 4021 these
929 3973 1005 4037 *holds
1017 3988 1059 4021 are
1072 3974 1153 4021 called

242 4045 480 4107 ⁴Cantwariorum.]
518 4045 618 4105 Among
628 4043 771 4100 diadum.
818 4042 895 4090 Their
933 4042 1039 4103 wergild
1077 4038 1154 4104 (4000
