3098 4770
456 374 649 421 nnonnuru
677 372 958 420 wrconumusis.
1122 359 1188 422 177

231 525 339 586 fluvio
362 532 589 600 transmeato,
606 528 642 589 in
667 528 828 590 cantiam
854 528 941 590 citus
964 527 1120 598 intravit,
1144 545 1186 590 ac

183 669 190 674 .
226 621 333 702 juxta
361 622 582 686 Ottafordam
609 643 685 687 cum
714 625 825 687 Danis
854 642 1005 705 pugnam
1027 624 1124 687 iniit:
1148 634 1186 687 at

228 718 279 779 illi
307 739 376 781 non
403 720 552 783 serentes
576 722 741 802 impetum
765 723 853 804 ejus,
877 729 976 801 terga
992 727 1185 794 verterunt,

229 823 358 878 etcum
375 817 448 879 suis
462 818 561 898 equis
583 819 618 879 in
642 818 818 898 Sceapege
833 820 997 898 fugerunt
1011 838 1020 895 3
1044 836 1088 880 cx
1108 819 1184 897 qui-

228 913 294 975 bus
321 920 437 976 tamen
463 934 594 988 omneS,
625 934 712 994 quos
735 914 1022 995 comprehendere
1055 915 1184 993 potuit,

229 1009 365 1085 occidit,
381 1019 416 1074 et
439 1012 506 1073 nisi
521 1011 671 1091 perfidus
687 1012 757 1072 dux
776 1012 922 1074 Edricus
939 1011 1087 1073 Streona
1109 1011 1183 1072 suis

228 1107 360 1168 insidiis
373 1115 409 1170 et
424 1109 548 1170 insiliis
568 1127 646 1170 eum
662 1108 755 1188 apud
773 1106 1024 1188 Eagelesf01·d,¹
1041 1126 1084 1168 ne
1099 1125 1183 1169 suos

227 1215 492 1284 persequeretur
510 1205 637 1281 hostes,
663 1206 838 1281 retineret,
855 1226 895 1269 eo
918 1207 974 1268 die
999 1205 1103 1286 plena
1119 1223 1181 1283 po·

226 1301 350 1363 tiretur
359 1303 519 1365 victoria.
572 1301 652 1379 Quo
662 1304 698 1365 in
710 1302 1017 1365 West-Saxoniam
1029 1319 1181 1375 reverso,
1194 1319 1345 1369 canusque

228 1395 387 1460 Canutus
409 1418 493 1461 suas
516 1400 635 1478 copias
659 1399 694 1460 in
718 1399 1009 1461 East-Saxoniam
1030 1397 1181 1478 trajecit,
1193 1379 1281 1457 iiiiii

224 1496 415 1576 etiterum
439 1495 616 1576 praedandi
643 1514 751 1558 causa
774 1496 941 1559 Marciam
974 1495 1120 1574 repetiit,
1144 1504 1181 1557 et

224 1593 345 1674 pejora
378 1594 551 1672 prioribus
580 1595 771 1657 exercitum
805 1593 918 1655 facere
943 1592 1061 1672 jussit.
1121 1591 1180 1653 Illi

223 1697 342 1751 autem
368 1692 455 1751 satis
483 1691 630 1770 impigre
647 1690 750 1775 jussa
767 1695 951 1768 peragunt,
967 1697 1002 1749 et
1019 1687 1179 1749 omnibus

222 1786 341 1864 quiin
371 1804 495 1847 manus
520 1795 687 1847 venerunt
709 1786 934 1859 obtruncatis,
958 1783 1051 1845 villis
1075 1801 1178 1862 quam

222 1882 381 1961 plurimis
395 1882 557 1955 incensis,
575 1882 669 1961 agris
685 1881 916 1962 depopulatis,
933 1880 1060 1961 praedae
1078 1881 1180 1942 uber-

221 1986 295 2041 tate
319 1979 433 2055 ditati,
457 1978 502 2042 ad
520 1998 628 2042 naves
652 1980 819 2060 repedant
844 1978 979 2040 festini:
1003 1996 1091 2058 quos
1114 1995 1179 2038 rex

221 2074 418 2156 Anglorum
459 2077 685 2140 Eadmnndus
730 2075 896 2137 Ferreum
935 2074 1061 2146 Latus,
1098 2090 1178 2134 cum

221 2175 390 2248 exercitu,
406 2192 510 2253 quem
527 2172 571 2234 de
590 2179 665 2234 tota
680 2169 811 2251 Anglia
830 2176 1065 2244 contraxerat,
1085 2169 1179 2231 inse-

220 2276 335 2344 cutus,
345 2271 382 2331 in
395 2277 513 2332 monte
526 2269 587 2350 qni
597 2266 808 2344 Assandun,2
817 2267 853 2330 id
865 2275 930 2345 cst,
946 2267 1051 2330 Mons
1061 2264 1174 2342 Asini,
1187 2279 1302 2370 maog„

220 2367 431 2443 nominatur,
453 2368 619 2430 abeuntes
642 2374 696 2429 est
710 2372 950 2441 consecutus:
974 2364 1021 2426 ibi
1050 2363 1175 2426 festine
1304 2354 1311 2367 ’

219 2463 414 2544 triplicibus
435 2464 600 2526 subsidiis
616 2463 724 2526 aciem
748 2463 900 2537 instruit,
918 2461 995 2524 dein
1016 2459 1175 2540 singulas

145 2579 148 2585 ’
218 2568 351 2623 turmas
375 2561 590 2636 circumiens,
614 2567 732 2622 monet
759 2567 866 2639 atque
893 2558 1088 2621 obtestatur
1110 2557 1174 2631 uti,

216 2675 387 2720 memores
416 2657 574 2737 pristinae
598 2657 737 2720 virtutis
768 2663 874 2735 atque
903 2654 1070 2727 victoriae,
1097 2671 1175 2715 sese

217 2772 434 2834 regnumque
450 2773 553 2816 suum
571 2772 593 2816 a
606 2753 788 2816 Danorum
804 2750 952 2814 avaritia
966 2749 1172 2812 defendant:

217 2852 363 2914 cumeis
381 2859 555 2915 certamen
570 2851 644 2913 fore
658 2867 745 2930 quos
768 2855 872 2911 antea
888 2847 1056 2910 vicerunt.
1079 2910 1092 2914 ,Α
1110 2845 1172 2907 In·

219 2955 314 3010 terea
343 2948 502 3012 Canutus
527 2947 694 3028 paulatim
722 2946 756 3008 in
783 2963 922 3026 aeqnum
951 2944 1066 3006 locum
1088 2961 1172 3004 suos

144 3037 146 3041 ’
216 3044 380 3123 deducit;
404 3054 443 3109 at
460 3051 593 3118 contra,
608 3062 668 3105 rex
687 3042 911 3106 Eudmundus
933 3042 1053 3115 aciem,
1068 3039 1173 3101 sicuti

215 3141 441 3216 instruxerat,
453 3141 619 3204 velociter
633 3147 761 3215 movet,
771 3146 806 3202 et
820 3147 961 3218 repente
976 3137 1076 3215 signo
1089 3135 1171 3197 dato

216 3237 338 3301 Danos
363 3239 507 3301 invadit.
560 3237 703 3300 Summa
726 3238 761 3299 vi
790 3237 952 3315 utrinque
975 3233 1170 3307 dimicatur,

216 3355 261 3398 ex
276 3336 331 3397 his
346 3344 381 3398 et
398 3335 467 3398 illis
492 3334 591 3396 multi
608 3334 759 3408 cadunt3
783 3352 904 3395 verum
926 3329 1077 3412 perfidus
1096 3328 1170 3389 dux

215 3432 361 3495 Edricus
377 3433 537 3506 Streona,
555 3431 675 3494 videns
701 3431 881 3494 Danorum
899 3428 1006 3490 aciem
1023 3425 1170 3487 inclina·

215 3537 301 3604 tam,
330 3537 365 3592 et
394 3528 530 3609 Anglos
561 3529 739 3591 habituros
772 3525 967 3599 victoriam,
999 3531 1039 3586 ut
1072 3522 1170 3602 prius

214 3625 353 3690 Canuto
364 3628 582 3707 promiserat,
595 3645 671 3688 cum
685 3618 1013 3705 Magesetensibus,³
1024 3629 1059 3682 et
1071 3637 1171 3680 exer-

212 3726 303 3787 citus
319 3732 418 3804 parte
436 3724 492 3785 cui
515 3730 675 3802 praeerat,
693 3721 812 3800 sugam
828 3719 989 3796 capessit,
1007 3723 1042 3777 et
1058 3715 1169 3775 domi·

212 3827 1171 3850 Μ

247 3895 255 3926 ¹
273 3895 455 3956 Eugelessmu]
475 3892 620 3954 Aylesford.
740 3886 750 3915 ³
766 3884 994 3947 Megarensibus]
1012 3884 1066 3932 The
1078 3884 1169 3944 Mage·

244 3963 424 4024 ’Attenuant
462 3964 610 4023 Assington,
637 3973 680 4006 ac·
705 3961 791 4016 antas,
802 3970 831 4003 or
843 3954 934 4015 people
944 3952 1021 4000 nithe
1034 3952 1169 4010 Hwiccas,

210 4035 316 4095 cording
326 4037 352 4080 to
364 4032 471 4082 Gibson.
704 4025 746 4072 the
758 4029 860 4084 present
870 4024 969 4070 diocese
980 4020 1010 4068 oi
1016 4021 1169 4068 worcester.

990 4111 1012 4156 N
1070 4170 1073 4176 .
