3098 4770
345 316 412 378 156
717 329 923 378 canonicos

179 505 281 553 aaran,
347 485 507 548 Leossins
540 484 686 546 nobilem
721 485 828 547 virum
862 484 968 559 Eafic,
1000 502 1172 546 summum
1203 487 1295 565 regis

180 556 286 604 ΜΨ
344 583 586 664 praepositum,
625 582 760 658 occidit,
794 581 884 644 unda
917 599 976 644 rex
1013 582 1066 644 ira
1098 600 1295 658 succensus,

180 700 291 740 atiena
344 681 461 761 patria
477 680 574 743 illum
592 681 736 763 expulit.
788 679 917 741 Eodem
934 697 1025 743 anno
1040 679 1211 755 Emmam,
1227 679 1293 743 Sa·
1346 681 1349 686 ’

179 752 268 838 Ἑὲιᾞὲἷ
344 777 470 840 xonice
483 778 674 860 AElfgivam
690 783 859 852 vocatam,
875 775 971 838 ducis
995 775 1292 841 Nortmannorum

345 873 457 939 Primi
474 876 618 940 Ricardi
638 876 755 951 filiam,
776 894 838 938 rex
855 873 1062 955 AEgelredus
1087 875 1189 938 duxit
1204 893 1294 938 uxo-

178 993 314 1032 nnnnnnn
344 992 429 1039 rem.
482 973 646 1037 Aldnlfus
667 973 887 1054 archipraesul
914 973 1155 1046 Eboracensis,
1179 973 1293 1054 coopi-

177 1042 330 1139 geginam
342 1074 468 1153 scopis,
480 1073 675 1146 abbatibus,
689 1071 909 1151 presbyteris,
923 1069 1110 1142 monachia,
1125 1069 1294 1150 religiosis

342 1186 482 1249 quoque
493 1169 577 1229 viris
593 1169 803 1247 aggregatis,
818 1169 928 1231 sancti
944 1166 1098 1230 Oswaldi
1113 1166 1293 1247 archiprae-

342 1264 427 1327 sulis
446 1283 538 1340 ossa,
562 1283 652 1327 anno
675 1266 764 1344 regis
780 1263 974 1345 Anglorum
991 1263 1170 1344 AEgelredi
1186 1270 1292 1329 xxv0.

341 1362 531 1425 indictione
557 1378 632 1438 xv,
660 1378 752 1424 xvii.
779 1361 849 1423 kal.
874 1361 962 1424 Maii
988 1363 1045 1439 [15
1067 1360 1186 1442 Apr.],
1205 1362 1292 1425 feria

342 1469 482 1541 quarta,
495 1481 513 1523 e
528 1460 662 1524 tumulo
674 1459 814 1533 levavit,
830 1467 864 1521 et
880 1460 914 1520 in
929 1461 1069 1534 scrinio,
1082 1460 1175 1540 quod
1190 1477 1292 1541 para·

177 1573 327 1662 {2¹3qu
341 1567 453 1635 verat,
464 1559 651 1623 honorifice
666 1558 814 1622 locavit:
834 1565 868 1619 et
879 1577 947 1619 non
959 1557 1068 1620 multo
1077 1565 1169 1638 post,
1179 1558 1211 1619 id
1226 1568 1292 1634 est,

176 1634 189 1660 ⁰
233 1634 257 1661 ⁰¹
281 1635 294 1662 ⁰
309 1650 327 1668 ''
341 1658 494 1721 secundo
517 1677 627 1720 nonas
652 1657 739 1719 Maii
756 1652 793 1738 [6
809 1655 925 1740 Maii],
943 1656 1018 1736 ipse
1037 1655 1230 1730 desnnotuS,
1253 1658 1290 1719 in

340 1753 487 1817 ecclesia
511 1755 649 1818 Sanctae
677 1754 797 1816 Mariae
815 1753 1005 1832 Wigorniae
1030 1761 1084 1817 est
1108 1755 1287 1834 sepultus;

175 1864 328 1913 succedens
340 1850 397 1910 cui
417 1852 586 1913 successit
607 1851 714 1912 abbas
727 1849 920 1913 Wlstanus.
971 1848 1052 1926 Quo
1073 1852 1178 1912 etiam
1198 1871 1290 1914 anno

175 1913 318 2050 ἶξῧὲἒιῗοι
339 1964 402 2008 rex
435 1946 644 2027 AEgelredus
679 1964 797 2008 omnes
834 1945 956 2008 Dauos
990 1944 1155 2024 Angliam
1193 1949 1288 2012 inco-

174 2015 212 2050 Η
241 2022 302 2053 ’Μ
337 2043 461 2119 lentes
496 2044 646 2127 majores
683 2052 719 2107 et
755 2044 913 2117 minoreS,
952 2044 1133 2123 utriusque
1172 2063 1290 2122 saxna,

338 2142 450 2205 occidi
468 2142 597 2224 jussit;
627 2143 710 2223 qnia
735 2140 832 2204 illum
857 2159 1008 2222 suosque
1036 2141 1201 2223 primates
1215 2142 1290 2206 vita

338 2234 517 2318 regnoque
550 2239 698 2319 privare,
731 2244 765 2300 et
795 2239 902 2300 totius
933 2236 1072 2319 Angliae
1102 2240 1289 2304 dominium

336 2352 410 2398 snae
426 2335 550 2399 ditioni
564 2336 680 2398 conati
694 2342 775 2398 sunt
788 2333 960 2397 subdera²

184 2442 315 2484 A·1>·¹⁰⁰³-
388 2432 470 2497 Hoc
494 2452 585 2496 anno
606 2452 670 2496 rex
693 2433 869 2496 Danorum
892 2432 1018 2508 Swein,
1039 2452 1101 2514 per
1122 2436 1285 2512 insilinm,

171 2507 308 2598 ἓῖῗιῖἶῗω
334 2523 517 2609 inoiiriam,
528 2539 564 2595 et
575 2527 793 2594 traditionem
806 2529 1049 2594 Nortmannici
1059 2532 1194 2595 comitis
1204 2532 1285 2595 Hu-

334 2630 447 2708 gonis,
472 2649 574 2710 quem
599 2629 719 2708 regina
746 2629 869 2691 Emma
896 2629 1102 2691 Domnaniae
1117 2631 1283 2711 praefecit,

333 2726 511 2790 civitatem
542 2726 812 2789 Exanceastram
835 2725 987 2806 infregit,
1012 2725 1187 2808 spoliavit,
1213 2731 1286 2791 m'u-

333 2815 408 2885 rum
426 2826 471 2886 ab
495 2825 655 2888 orientali
678 2820 857 2904 usquead
884 2823 1131 2887 occidentalem
1150 2832 1285 2906 portam

332 2920 520 2998 destruxit,
544 2928 580 2983 et
607 2941 685 2984 cum
708 2922 838 3002 ingenti
863 2920 981 3003 praeda
1005 2939 1112 2984 naves
1135 2924 1285 3003 repetiit.

333 3015 421 3080 Post
443 3019 519 3081 haeo
543 3026 671 3094 autem,
692 3038 768 3081 cum
785 3018 1046 3082 Wiltoniensem
1074 3020 1286 3101 provinciam

332 3114 541 3193 devastaret,
560 3117 658 3178 fortis
675 3118 846 3179 exercitus
872 3115 914 3178 de
941 3116 1227 3180 Suthamtunensi
1249 3126 1286 3182 et

331 3212 542 3276 Wiltonensi
579 3214 763 3294 provinciis
796 3222 1039 3293 congregatus,
1069 3215 1216 3277 viriliter
1248 3224 1284 3280 et

331 3317 534 3375 constanter
544 3313 710 3374 adversus
732 3311 848 3374 hostes
859 3319 1090 3393 pugnaturus,
1106 3313 1283 3391 ascendit3

330 3406 392 3469 sed
408 3426 487 3470 cum
503 3416 575 3470 tam
602 3428 709 3489 prope
732 3417 846 3472 essent
861 3410 1047 3484 exercitus,
1066 3417 1106 3471 ut
1130 3410 1218 3473 alter
1235 3411 1283 3473 al·

166 3520 286 3570 nmnen
297 3511 444 3566 ortorum
467 3505 583 3568 videre
610 3508 789 3586 quivisset,
813 3506 965 3581 Alsrious
982 3507 1055 3569 dux
1080 3526 1187 3588 supra
1212 3528 1284 3572 me·

166 3570 310 3661 mii,
330 3610 499 3678 moratus,
515 3605 574 3684 qni
597 3604 674 3666 loco
697 3604 792 3666 ducis
810 3604 934 3684 Anglis
951 3611 1033 3667 tunc
1050 3606 1180 3681 extitit,
1196 3607 1283 3669 anti-

329 3719 417 3780 quas
445 3710 538 3763 artes
556 3703 673 3764 statim
701 3701 862 3782 prodidit,
888 3709 934 3776 et,
960 3703 1123 3765 simulata
1145 3703 1283 3766 infirmi-

328 3804 412 3872 tate,
429 3818 570 3862 vomere
596 3801 712 3880 coepit,
729 3799 844 3861 dicens
861 3819 898 3861 se
916 3818 1076 3881 magnam
1103 3801 1282 3863 infirmita·

724 4021 730 4050 ¹
748 4023 810 4071 Sax.
823 4021 915 4071 Chium.
