3098 4770
372 329 438 394 228
748 342 958 390 cHltoNlcoN
1031 378 1035 383 .
1072 341 1077 347 ·

374 498 493 560 roldus
523 496 698 559 mensibus
729 513 782 560 rx,
812 505 848 560 et
878 497 998 560 diebus
1028 496 1192 560 totidem:
1227 492 1328 576 cujus

374 602 486 657 morte
522 595 655 669 audita,
684 595 825 658 comites
856 595 1022 658 Edwinus
1060 602 1095 657 et
1127 591 1329 668 Morkarus,

374 693 434 772 qui
449 712 488 754 se
503 712 582 754 cum
598 693 670 754 suis
684 692 865 754 certamini
880 693 1094 766 subtraxere,
1112 690 1327 753 Lundoniam

374 808 511 865 venere,
546 799 582 852 et
618 809 767 852 sororem
805 807 904 851 suam
935 788 1137 868 Aldgitham
1173 788 1327 868 reginam

372 896 547 968 sumptam
563 888 607 952 ad
628 888 812 952 Civitatem
831 886 1035 968 Legionuml
1052 888 1187 950 misere.
1240 884 1327 948 Ald-

373 987 475 1049 redus
513 997 631 1051 autem
679 987 908 1049 Eboracensis
953 986 1244 1066 archiepiscopus
1291 993 1327 1046 et

372 1084 476 1146 iidem
509 1087 653 1147 comites
684 1103 761 1145 cum
797 1084 930 1144 civibus
962 1083 1260 1146 Lundoniensibus
1291 1090 1327 1144 et

373 1181 593 1254 butsecarlis,
616 1181 775 1242 clitonem
796 1180 1007 1260 Eadgarum,
1031 1181 1226 1242 Eadmundi
1245 1180 1329 1243 Fer-

373 1279 423 1339 rei
455 1277 593 1340 Lateris
621 1285 794 1358 nepotem,
821 1278 857 1340 in
887 1296 1003 1358 regem
1029 1279 1146 1341 levare
1174 1277 1327 1352 voluere,

373 1382 513 1437 etcum
541 1394 583 1438 eo
609 1395 647 1437 se
672 1394 823 1455 pugnam
849 1376 996 1439 inituros
1024 1377 1231 1457 promisere,
1265 1376 1326 1439 sed

374 1472 456 1534 dum
483 1473 528 1534 ad
555 1492 707 1553 pugnam
732 1472 939 1535 descendere
955 1474 1054 1536 multi
1083 1476 1327 1554 separarem,

311 1605 314 1610 <
374 1571 518 1634 comites
531 1590 633 1633 suum
656 1571 823 1632 auxilium
846 1572 890 1632 ab
915 1571 963 1632 eis
986 1578 1174 1647 retraxere,
1191 1579 1226 1633 et
1248 1590 1325 1633 cum

373 1689 437 1733 suo
453 1672 611 1734 exercitu
626 1670 764 1732 domum
779 1668 965 1733 redierunt.

208 1779 344 1875 mixtu
385 1802 388 1807 ·
419 1768 561 1832 Interea
608 1786 722 1831 comes
770 1767 968 1830 Willelmus
1017 1767 1327 1843 Sutb-Saxouiam,

208 1882 306 1924 country·
375 1864 548 1936 (lantiam,
587 1865 913 1926 suthamtunensem
957 1867 1182 1945 provinciam,
1222 1865 1327 1928 Suth-

373 1962 518 2041 regiam,
538 1960 892 2041 Middel·Saxoniam,
915 1961 1223 2027 Heortfordensem
1250 1958 1329 2044 pross

374 2059 523 2126 vinciam
546 2059 764 2147 devastabat,
787 2066 823 2121 et
844 2058 945 2121 villas
970 2079 1134 2137 cremare,
1159 2061 1330 2124 homines·
1371 2064 1374 2069 '
1415 2077 1419 2083 ·

374 2176 457 2237 que,
471 2157 667 2221 interficere
703 2176 771 2221 non
797 2159 968 2233 cessabat,
997 2158 1105 2221 donec
1135 2158 1179 2219 ad
1209 2158 1327 2219 villam

209 2263 330 2312 marne
374 2273 452 2334 quae
471 2255 668 2333 Beorcbam
685 2254 893 2329 nominatur,
910 2256 1053 2330 veniret,
1073 2255 1134 2317 ubi
1153 2253 1328 2318 Aldredus

208 2313 343 2400 iginib-
373 2352 667 2433 archiepiscopus,
691 2350 899 2414 Wulstanus
928 2353 1167 2432 Wigornensis
1196 2355 1330 2435 episco-

209 2410 343 2450 mstmhm‘
372 2457 451 2530 pus',
488 2449 669 2514 Walterus
708 2448 974 2514 Herefordensis
1015 2447 1224 2531 episcopus,
1245 2451 1328 2513 clito

374 2547 580 2627 Eadgarus,
597 2549 740 2612 comites
765 2546 932 2621 Edwinus
946 2554 995 2610 et.
1010 2546 1211 2623 MorkaruS,
1230 2548 1329 2610 et-de

375 2644 562 2712 Lundonia
584 2647 712 2728 quique
732 2645 929 2721 nobiliores,
945 2664 1021 2707 cum
1037 2647 1156 2708 multis
1177 2645 1266 2723 aliis,
1284 2646 1327 2709 ad

374 2763 451 2806 eum
468 2752 651 2819 venerunt,
669 2752 715 2817 et,
733 2743 824 2806 datis
847 2743 1035 2819 obsidibus»,
1049 2744 1100 2806 illi
1121 2744 1328 2807 deditionem

374 2840 544 2918 fecerunt,
565 2843 837 2922 fidelitatemque
855 2840 1081 2924 juraverunt3
1105 2861 1184 2904 cum
1204 2843 1329 2922 quibus

376 2949 410 3002 et
426 2939 501 3020 ipse
517 2941 792 3020 foedus'pepigit,
803 2945 838 3000 et
850 2938 1071 3001 nibilominus
1083 2935 1330 3002 exercitui'suo

213 3047 276 3086 flet·
375 3037 480 3101 villas
499 3056 653 3099 cremare
670 3045 705 3099 et
721 3037 861 3117 rapinas
877 3055 980 3117 agere
996 3037 1162 3117 permisit.
1193 3036 1332 3119 Appro-

211 3096 310 3134 crowned
320 3099 342 3134 at

211 3144 338 3233 {famine
376 3135 568 3215 piuquante
583 3135 692 3215 igitur
703 3135 896 3208 Dominicae
909 3133 1117 3198 Natiuitatis
1130 3132 1333 3210 festivitate,

247 3221 252 3232 ’
377 3234 567 3294 cumomni
593 3233 747 3294 exercitu
774 3231 1003 3307 Luudonia'm,
1024 3240 1064 3294 ut
1087 3234 1135 3295 ibi
1157 3234 1191 3294 in
1216 3226 1333 3312 regem

376 3330 635 3405 sublimaretur,
662 3331 767 3402 adiit;
803 3337 838 3392 et
865 3331 948 3411 quia
972 3330 1175 3410 Stigandus,
1203 3332 1332 3411 primas

379 3429 485 3488 totius
510 3425 663 3508 Angliae,
690 3429 733 3490 ab
763 3428 955 3507 apostolico
980 3446 1073 3508 papa
1102 3429 1334 3491 calumniatus

377 3531 430 3587 est
442 3525 591 3604 pallium
608 3544 675 3587 non
691 3526 885 3604 suscepisse
900 3526 1076 3601 canonice,
1092 3526 1169 3606 ipsa
1195 3525 1334 3588 Nativi-

378 3623 461 3683 tatis
476 3623 544 3698 die,
559 3641 637 3703 quae
662 3622 722 3683 illo
748 3640 839 3683 anno
858 3621 944 3684 seria
960 3623 1114 3685 secunda
1140 3625 1267 3700 evenit,
1291 3625 1335 3686 ab

377 3905 419 3938 see
444 3891 636 3952 Lappenberg's
664 3892 792 3952 England‚
816 3905 846 3941 11.
910 3923 916 3953 ,

377 3973 421 4017 pp.
434 3963 578 4023 276—304,
587 3959 637 4007 and
646 3960 688 4008 the
696 3961 846 4009 authorities

376 4027 447 4074 tlrere
459 4028 536 4076 cited.

872 3999 881 4042 ί
938 3929 1069 3978 Civitatem
1080 3930 1237 3993 Legionem]
1258 3930 1338 3979 Ches-

882 4013 917 4045 eru
