3098 4770
436 364 628 411 ruonsnrn
655 366 935 414 wioonuiurvsis
1119 351 1163 414 95

210 515 432 592 hiemaverat,
444 528 523 600 post
538 519 667 582 multas
682 520 728 582 ibi
744 519 1017 584 Christianorum
1028 529 1162 602 strages
1175 541 1230 579 aar„
1240 542 1312 600 ueros·

211 613 335 691 iactas,
353 618 396 679 ad
415 617 663 681 Domnaniam¹
689 620 900 698 enavigavit,
915 621 1029 701 ibique
1055 639 1075 681 a
1101 621 1162 682 mi·
1176 592 1268 640 cyn'm'

212 713 330 776 nistris
363 715 455 796 regis
482 735 559 779 cum
588 716 681 779 mille
711 718 868 781 ducentis
895 718 1035 780 infoelici
1065 719 1162 781 exitu

211 830 393 893 perperam
412 832 519 894 agens
543 815 678 878 occisus
695 824 747 879 est
772 825 853 879 ante
880 835 993 879 arcem
1010 815 1159 897 Cynuit;

212 911 294 989 quia
310 911 345 973 in
364 912 483 976 eadem
500 932 579 977 arce
594 915 694 977 multi
721 914 866 977 ministri
881 915 973 994 regis
991 934 1066 976 cum
1090 915 1162 976 suis

211 1028 249 1070 se
265 1010 505 1075 concluserant
523 1012 676 1092 confugii
694 1030 809 1075 causa.
863 1012 994 1075 Verum
1014 1011 1162 1092 Pagani,

211 1125 289 1170 cum
306 1127 418 1172 arcem
436 1111 642 1191 imparatam
660 1118 764 1191 atque
782 1111 920 1173 omnino
938 1111 1161 1185 immunitam,

211 1206 277 1268 nisi
295 1209 388 1287 quod
406 1211 534 1273 moenia
550 1216 669 1273 nostro
692 1228 784 1271 more
810 1217 924 1273 erecta
949 1209 1163 1272 solummodo

214 1304 366 1381 haberet,
400 1316 589 1382 cernerent,
620 1326 688 1369 non
719 1284 807 1369 enim
838 1308 1016 1388 effringere
1045 1307 1163 1370 molie-

212 1403 350 1479 bantur,
367 1407 449 1485 quia
473 1406 531 1468 ille
559 1405 656 1468 locus
684 1406 753 1466 situ
780 1412 949 1467 terrarum
972 1405 1163 1468 tutissimus

213 1508 267 1562 est
281 1504 325 1564 ab
337 1504 429 1566 omni
447 1512 547 1584 parte
561 1504 625 1566 nisi
644 1503 686 1566 ab
702 1502 886 1579 orientali,²
904 1504 1059 1567 obsidere
1086 1523 1162 1566 eam

213 1610 406 1679 coeperunt,
435 1609 599 1682 putantes
633 1601 786 1664 homines
817 1602 896 1664 illos
924 1621 1060 1664 manum
1094 1602 1162 1663 cito

212 1697 368 1773 daturos,
398 1700 499 1773 fame,
516 1701 586 1772 siti,
612 1708 648 1761 et
671 1699 868 1762 obsessione
897 1706 1055 1770 coactos;
1081 1700 1163 1779 quia

213 1796 309 1858 nulla
326 1815 419 1877 aqua
432 1797 483 1859 illi
498 1798 569 1859 arci
585 1797 749 1876 contigua
762 1803 815 1858 est
831 1816 840 1858 ι
864 1797 955 1877 quod
974 1816 1042 1858 non
1058 1797 1108 1859 ita
1125 1804 1164 1857 ut

212 1895 383 1974 putabant
395 1896 528 1972 evenit3
552 1913 632 1956 nam
644 1893 843 1970 Chn'stiani,
860 1903 1043 1975 antequam
1059 1895 1164 1957 talem

213 1994 392 2073 penuriam
403 1994 540 2056 omnino
550 1992 665 2054 subire
674 1999 883 2073 paterentur,
894 1994 1058 2055 divinitus
1067 1993 1166 2055 insti·

213 2091 298 2168 gati,
314 2091 493 2174 multoque
513 2090 636 2153 melius
654 2089 853 2171 judicantes
873 2097 933 2152 aut
949 2097 1090 2152 mortem
1105 2099 1165 2153 aut

213 2189 396 2251 victoriam
414 2189 548 2264 mereri,
571 2188 721 2250 diluculo
741 2207 846 2268 super
862 2188 1025 2268 Paganos
1042 2207 1085 2250 ex
1102 2189 1165 2250 im·

214 2288 354 2366 proviso
366 2287 573 2368 irrumpunt,
586 2294 621 2349 et
636 2304 658 2347 a
670 2285 778 2366 primo
790 2292 944 2367 tempore
959 2285 1074 2349 hostes
1084 2286 1164 2349 hos·

213 2384 322 2446 tiliter
337 2402 413 2446 cum
432 2403 513 2463 rege
531 2403 607 2459 suo,
628 2384 781 2446 maxima
798 2403 842 2446 ex
859 2393 969 2465 parte,
984 2385 1104 2465 paucis
1120 2384 1163 2447 ad

215 2500 322 2544 naves
348 2482 553 2562 perfugam
581 2480 721 2561 elapsis,
749 2489 981 2562 prosternunt.
1034 2482 1164 2550 Eodem
1177 2501 1289 2542 AEtfredat

215 2598 306 2642 anno
322 2585 404 2661 post
431 2578 568 2642 Pascha
595 2579 727 2640 AElfred
753 2598 814 2642 rex
844 2599 921 2642 oum
948 2579 1068 2660 paucis
1084 2551 1293 2642 fecit⁸⁸h⁰¹¹¹⁰5‘

215 2696 330 2739 arcem
359 2677 396 2740 in
428 2678 504 2740 loco
530 2677 591 2760 qui
614 2676 739 2740 dicitur
765 2676 1037 2757 AEthelinga-eg,
1062 2685 1097 2740 et
1123 2677 1166 2740 de

214 2776 291 2856 ipsa
313 2794 392 2838 arce
408 2795 544 2856 semper
568 2795 645 2838 cum
665 2774 792 2837 fasellis
816 2773 1166 2837 Sumurtunensibus³

217 2872 381 2954 Paganos
397 2872 659 2954 infatigabiliter
669 2873 854 2935 debellavit
868 2863 891 2934 :⁴
914 2875 1118 2953 iterumque,
1131 2874 1166 2934 in

216 2973 365 3052 septima
380 2971 596 3035 hebdomada
610 2979 691 3052 post
702 2969 851 3045 Pascha,
861 2970 903 3032 ad
918 2969 1057 3034 Petram
1074 2971 1166 3052 Ecg·

215 3067 345 3145 brihti,⁵
383 3089 461 3151 quae
494 3078 548 3134 est
586 3070 622 3132 in
652 3069 810 3132 orientali
840 3078 939 3150 parte
967 3069 1076 3131 saltus
1107 3071 1167 3150 qui

217 3168 344 3230 dicitur
370 3168 542 3243 Sealwdu,
576 3167 701 3230 Latine
732 3174 860 3243 autem,
891 3167 998 3248 Sylva
1022 3167 1166 3247 Magna,

217 3267 399 3347 equitavit,
425 3267 541 3346 ibique
565 3266 794 3328 obviaverunt
817 3265 869 3326 illi
895 3283 1013 3327 omnes
1039 3264 1166 3327 accolae

216 3363 512 3439 SumurtunensiS,
549 3363 792 3438 WiltunensiS,
834 3370 868 3424 et
916 3362 1167 3426 Hamtunensis

215 3481 328 3542 pagae,
347 3462 407 3542 qui
423 3481 491 3524 non
507 3463 601 3525 ultra
617 3479 712 3523 mare
728 3478 790 3540 pro
807 3466 901 3521 metu
918 3461 1169 3540 navigaverant

217 3558 462 3638 Paganorum;
495 3561 638 3639 visoque
668 3578 761 3636 rege,
789 3557 880 3619 sicut
903 3558 1043 3638 dignum
1081 3563 1167 3631 erat,

253 3801 454 3864 'Damnoniam.]
472 3804 642 3852 Devonshive.
708 3799 801 3847 bilibus
819 3762 953 3863 (vasallis)
965 3799 1170 3846 Summurtunen-

250 3901 260 3931 ²
274 3904 415 3966 Orientali]
429 3904 501 3952 Sicut
509 3918 554 3951 nos
562 3903 612 3964 ipsi
620 3903 682 3949 vidi·
708 3865 1169 3996 8184(ἒίῗῧιέἑῗἛαὲέύὲἷιῖὲὶῗηαὶ·

215 3989 280 4022 mus·
299 3973 401 4022 ΗΜ·
741 4004 864 4051 ³Petram
887 4003 1035 4066 Ecgbrr'lrtiJ
1064 4005 1170 4052 Brixton

239 4071 359 4122 ’Fasellis
364 4072 617 4134 samariamque]
628 4071 679 4120 No·
708 4073 732 4120 in
743 4071 954 4120 Somersetshivel
