3098 4770
381 323 424 387 84
760 338 968 386 canonicos

382 494 519 559 AElfred
535 513 616 556 vero
632 512 715 555 suus
739 492 846 554 irater
864 511 942 554 cum
958 492 1030 553 suis
1047 490 1240 554 cohortibus
1258 510 1339 553 cou-

315 575 326 593 ⁵
384 603 439 656 tra
465 612 584 655 omnes
602 591 824 672 Paganorum
842 591 946 653 duces
964 589 1045 652 belli
1064 597 1191 652 sortem
1206 608 1340 652 sumere

382 691 509 752 debere
539 691 654 753 sciret.
708 689 843 767 Quibus
872 688 922 752 ita
953 688 1095 750 firmiter
1123 688 1166 749 ab
1193 695 1340 768 utraque

383 797 483 869 parte
502 789 690 870 dispositis,
706 809 782 852 cum
808 807 868 851 rex
896 789 930 850 in
957 786 1110 849 oratione
1126 784 1253 848 diutius
1267 804 1342 848 mo-

383 896 531 963 raretur,
562 897 596 952 et
628 887 763 966 Pagani
790 886 903 968 parati
929 885 972 947 ad
1005 885 1118 947 locum
1144 884 1339 946 certaminis

383 987 485 1049 citius
511 986 745 1060 advenissent,
763 983 894 1047 AElsred
911 990 993 1046 tunc
1010 983 1241 1056 secundarius
1260 1000 1338 1044 cum

383 1084 514 1148 diutius
537 1084 678 1146 hostiles
710 1085 801 1146 acies
829 1081 916 1144 ferre
941 1100 1010 1144 non
1035 1087 1163 1161 posset,
1191 1073 1255 1142 hisi
1277 1088 1340 1144 aut

382 1182 473 1244 bello
489 1188 678 1243 retrorsum
690 1181 838 1253 cederet,
849 1188 909 1242 aut
925 1186 1045 1242 contra
1057 1179 1196 1243 hostiles
1208 1179 1338 1260 copiaS,

344 1265 346 1269 ¹
382 1286 465 1342 ante
497 1278 613 1341 fratris
644 1277 842 1353 adventum,
868 1278 903 1339 in
934 1277 1062 1340 bellum
1091 1286 1339 1359 prorumperet,

382 1377 520 1440 demum
546 1377 701 1453 viriliter,
722 1377 842 1456 aprino
859 1395 964 1452 more,
984 1374 1198 1439 Christianos
1220 1376 1337 1458 copias

383 1485 506 1539 contra
534 1475 675 1538 hostiles
701 1475 885 1551 exercitus,
910 1481 947 1536 ut
971 1481 1051 1537 ante
1076 1486 1338 1556 proposuerant,

383 1576 543 1655 quamvis
562 1594 624 1637 rex
640 1574 752 1637 adbuc
782 1593 850 1638 non
867 1581 1021 1649 venerat,
1037 1575 1198 1655 dirigens
1221 1575 1338 1637 divino

383 1674 492 1736 fretus
509 1674 651 1736 consilio
674 1681 710 1736 et
732 1673 840 1735 fultus
858 1672 1043 1753 adjutorio,
1060 1674 1229 1735 testudine
1246 1674 1337 1735 ordi-

383 1772 546 1833 nabiliter
587 1769 810 1845 condensata,
848 1769 1028 1831 confestim
1064 1778 1185 1831 contra
1221 1770 1338 1833 hostes

383 1867 514 1931 vexilla
549 1877 675 1929 movet.
727 1866 883 1927 Tandem
920 1885 983 1927 rex
1020 1867 1195 1944 AEthered,
1231 1867 1337 1933 finitis

381 1965 508 2046 quibus
520 1971 715 2046 occupatus
732 1971 807 2026 erat
829 1963 1052 2041 orationibus,
1070 1967 1220 2043 advenit,
1235 1976 1270 2030 et
1284 1969 1337 2029 in·

383 2072 508 2129 vocato
528 2068 656 2143 magno
674 2063 793 2124 mundi
809 2060 983 2143 Principe,
999 2082 1079 2126 mox
1096 2084 1133 2126 se
1157 2066 1335 2128 certamini

381 2161 501 2226 dedit.¹
553 2161 621 2225 Sed
636 2160 701 2223 hoc
715 2160 752 2222 in
769 2159 845 2223 loco
862 2161 1092 2223 nescientibus
1108 2163 1336 2224 intimandum

328 2312 332 2317 .
380 2267 446 2333 est,
463 2258 557 2339 quod
571 2259 629 2320 ille
647 2257 744 2319 locus
769 2255 964 2319 certaminis
989 2258 1268 2338 belligerantibus
1283 2261 1335 2322 in·

379 2357 525 2436 aequalis
541 2363 635 2438 erat3
660 2373 741 2416 nam
767 2352 902 2434 Pagani
925 2353 1102 2419 editiorem
1116 2357 1228 2420 locum
1247 2379 1336 2440 prae·

379 2460 650 2535 occupaverunt,
669 2452 857 2516 Christiani
883 2453 926 2514 ab
941 2451 1103 2517 ¹inferiori
1128 2455 1205 2519 loco
1228 2447 1336 2520 aciem

379 2551 608 2632 dirigebant
649 2551 735 2612 Erat
767 2569 904 2631 quoque
937 2552 972 2612 iu
1011 2551 1130 2614 eodem
1159 2553 1235 2616 loco
1265 2573 1337 2617 una

379 2649 520 2730 spinosa
545 2649 657 2724 arbor,
673 2647 789 2710 brevis
814 2646 1024 2723 admodum,2
1048 2649 1139 2713 circa
1154 2670 1258 2732 quam
1274 2651 1335 2715 ho-

379 2748 476 2810 stiles
493 2748 583 2812 inter
597 2767 635 2809 se
651 2746 754 2822 acies,
767 2765 845 2809 cum
860 2746 993 2826 ingenti
1005 2748 1154 2810 omnium
1171 2750 1334 2827 clamore,

377 2844 429 2907 illi
461 2864 642 2927 perperam
666 2851 820 2924 agentes,
851 2844 908 2906 isti
940 2864 1003 2925 pro
1031 2846 1104 2908 rita
1135 2854 1170 2910 et
1200 2847 1335 2912 dilectis
1367 2921 1381 2933 ὁ

378 2950 485 3024 atque
524 2944 640 3025 patria
677 2942 877 3024 pugnaturi,
907 2942 1078 3006 hostiliter
1115 2947 1334 3010 conveniunt.

379 3040 537 3122 Cumque
560 3042 760 3122 aliquandiu
777 3039 929 3102 animose
944 3042 1154 3122 nimiumque
1170 3044 1336 3107 atrociter

376 3138 455 3203 hinc
481 3148 515 3202 et
541 3140 620 3201 inde
650 3139 787 3220 utrique
821 3147 1027 3219 pugnarent,
1057 3139 1191 3220 Pagani
1210 3143 1334 3205 divino

370 3236 505 3318 judicio
527 3237 805 3300 Christianorum
835 3236 1000 3317 impetum
1029 3238 1158 3300 diutius
1186 3258 1252 3302 non
1284 3239 1334 3302 se·
1369 3289 1372 3292 <

375 3344 502 3411 rentes,
521 3337 676 3397 maxima
701 3343 800 3416 parte
828 3352 967 3396 suorum
987 3336 1112 3410 occisa,
1131 3338 1332 3417 opprobrio-

374 3451 447 3493 sam
473 3434 591 3512 fugam
608 3452 767 3512 coepere:
792 3450 860 3512 quo
877 3432 911 3492 in
927 3431 1003 3494 loco
1019 3432 1107 3495 alter
1132 3434 1175 3496 de
1199 3435 1333 3497 duobus

375 3529 599 3609 Paganorum
637 3530 776 3608 regibus
808 3537 842 3591 et
874 3530 1024 3610 quinque
1056 3531 1197 3594 comites
1228 3533 1333 3595 occisi

372 3630 617 3702 occubuerunt,
650 3634 684 3690 et
711 3627 821 3689 multa
849 3627 957 3688 millia
987 3628 1123 3690 illorum
1147 3630 1182 3690 in
1210 3631 1330 3692 eodem

371 3725 460 3800 loce,
477 3734 513 3789 et
531 3727 673 3805 insuper
689 3744 750 3805 per
768 3732 875 3787 totam
892 3735 1117 3805 campestrem
1135 3727 1330 3790 AEseesdun

899 3927 1083 3993 ²Admodum]
1121 3933 1203 3981 Quam
1220 3934 1330 3993 nosipsi

860 4000 953 4113 piosziz
981 4001 1089 4059 propriis
1112 4001 1194 4047 oculis
1218 4002 1329 4049 vidimus

406 3961 410 3986 ¹
432 3963 538 4010 Tandem
549 3979 594 4009 rex
610 3996 660 4011 ....
671 3963 759 4024 dedic]
778 3963 838 4011 Sax.

368 4029 460 4081 Chron.
491 4032 524 4078 A.
536 4032 602 4078 omit.
