3098 4770
209 526 280 566 Deetlr
290 527 314 564 of

210 576 330 623 Wullhere,

209 627 262 674 king
271 627 295 665 or

208 676 296 716 Marcia.

209 1705 239 1743 Or
251 1705 346 1743 St.Wer-

210 1755 272 1792 burh.

374 336 418 398 32
746 352 957 400 cunourcou

374 506 522 570 verunt.¹
570 507 700 568 Eodem
712 508 816 568 etiarn
833 525 923 568 anno
939 507 1013 585 ipse
1024 503 1192 575 Wulfere,
1204 502 1262 583 qui
1278 520 1329 563 re-

374 625 458 685 gum
473 605 684 666 Merciorum
699 605 828 684 primus
839 603 941 666 fidem
957 611 992 665 et
1008 602 1184 664 lavacrum
1199 609 1328 663 sanctae

373 702 643 783 regenerationis
664 703 809 784 accepit,
833 710 868 766 et
893 702 928 764 in
953 709 1028 765 tota
1050 708 1153 780 gente
1175 718 1239 760 sua
1260 697 1328 760 dae·

373 800 567 862 moniorum
593 801 765 864 culturam
796 800 967 863 destruxit
993 807 1028 861 et
1058 799 1194 879 penitus
1220 795 1330 858 eradi·

373 898 479 974 cavit,
497 898 695 979 Christique
716 918 839 961 nomen
855 899 981 977 ubique
997 896 1149 959 locorum
1165 895 1261 974 regni
1275 894 1330 956 sui

373 997 565 1076 praedicare
581 997 699 1080 jussit,
716 1004 751 1059 et
767 995 884 1058 multis
900 995 936 1057 in
951 994 1036 1056 locis
1048 993 1210 1056 eeclesias
1225 991 1328 1054 aedifi-

374 1096 479 1172 cavit,
510 1100 617 1160 xvu0.
642 1114 733 1158 anno
758 1113 803 1156 ex
833 1113 902 1174 quo
933 1092 1091 1173 regnavit
1118 1091 1161 1153 acl
1187 1090 1329 1151 uranica

373 1210 482 1272 regna
509 1192 709 1272 migravit3¹
742 1193 841 1274 cujus
866 1192 986 1271 regina
1012 1191 1047 1253 S.
1075 1187 1329 1268 Eormengilda,

374 1308 452 1368 quae
471 1288 736 1352 Cantuariorum
761 1290 852 1369 regis
877 1287 1104 1350 Erconberhti
1131 1293 1329 1366 sanctaeque

374 1385 569 1467 Sexburgae
589 1388 730 1467 reginae,
756 1387 870 1450 Annae
895 1387 985 1466 regis
1010 1384 1234 1448 Orientalium
1255 1382 1331 1446 An-

375 1484 512 1564 glorum
546 1486 637 1561 filiae,
668 1487 795 1549 sororis
826 1485 985 1548 videlicet
1016 1485 1049 1548 S.
1076 1481 1330 1556 AEtheldrithae,

375 1585 493 1646 extitit
516 1583 598 1659 filia,
623 1586 756 1664 peperit
782 1585 812 1646 ei
844 1603 1046 1663 magnarum
1073 1583 1237 1661 virginem
1261 1582 1330 1642 vir-

375 1687 490 1743 tutum
528 1681 565 1744 S.
597 1682 867 1762 Wereburgam3
907 1702 997 1761 quar,
1031 1689 1129 1762 patre
1159 1679 1329 1752 defuncto,

374 1778 505 1840 saeculo
522 1780 750 1854 renunciavit,
771 1787 806 1841 et
828 1780 983 1840 habitum
999 1786 1129 1840 sanetae
1146 1793 1328 1839 conversa-

375 1876 479 1938 tionis
510 1884 725 1956 susceptura,
756 1877 932 1956 genitricis
962 1884 1169 1951 materterae,
1200 1882 1329 1937 sanctae

374 1974 536 2038 videlicet
561 1974 819 2049 AEtheldrithae,
845 1975 1089 2039 monasterium
1111 1975 1265 2050 intravit,
1294 1975 1330 2037 in

375 2092 446 2154 quo
469 2074 593 2149 multa,
619 2074 695 2137 Deo
717 2083 936 2154 cooperante,
963 2074 1129 2136 miracula
1157 2072 1329 2154 patravit:

375 2172 477 2253 cujus
508 2172 704 2235 sanctitatis
729 2172 857 2234 famam
880 2191 958 2234 cum
988 2190 1071 2233 suus
1098 2178 1241 2250 patruus
1267 2189 1330 2232 rex

376 2269 601 2331 AEthelredus
627 2270 861 2350 comperisset,
893 2288 969 2347 eam
998 2268 1201 2349 quibusdam
1228 2267 1331 2346 virgi-

376 2385 459 2427 num
476 2367 553 2430 Deo
576 2367 779 2430 devotarum
798 2367 1028 2442 monasteriis,
1043 2367 1228 2430 abbatissae
1238 2367 1331 2448 jure,

375 2464 556 2545 praefecit3
598 2484 676 2528 cum
703 2467 827 2547 quibus
854 2473 888 2528 et
914 2465 949 2527 iu
977 2466 1101 2545 quibus
1126 2464 1331 2545 regulariter

374 2563 508 2640 vivens,
524 2563 662 2643 illisque
678 2565 712 2626 in
730 2565 886 2626 omnibus
903 2564 958 2644 pie
979 2564 1174 2638 consulens,
1190 2562 1233 2625 ad
1249 2563 1330 2625 vitae

373 2659 480 2723 finem
511 2680 592 2725 vero
623 2661 715 2741 Regi
746 2661 883 2725 Christo
913 2661 1091 2738 militavit3
1125 2680 1166 2723 ac
1194 2662 1230 2723 in
1259 2680 1331 2723 uno
1370 2696 1371 2699 =

373 2759 662 2822 monasteriorum
684 2778 836 2835 suorum,
857 2758 948 2840 quod
971 2757 1258 2839 Triceingaham²
1279 2759 1331 2821 di-

374 2856 476 2933 citur,
492 2877 511 2920 e
532 2858 661 2920 saeculo
677 2857 850 2938 migravit,
870 2858 988 2937 sicque
1004 2857 1047 2919 ad
1064 2858 1281 2939 complexum
1296 2864 1332 2920 et

373 2956 515 3035 nuptias
547 2954 672 3035 Sponsi
705 2955 856 3018 coelestis
894 2956 992 3035 virgo
1029 2957 1133 3018 beata
1164 2956 1329 3029 intravit3

375 3070 502 3133 corpus
535 3061 652 3115 autern
683 3053 776 3115 illius
814 3053 858 3114 ad
894 3054 1153 3129 monasterium,
1187 3055 1242 3117 oui
1278 3060 1332 3116 est

375 3148 608 3232 Heanbyrig³
631 3151 850 3226 vocabulum,
868 3158 908 3212 ut
927 3151 1004 3231 ipsa
1020 3152 1140 3214 vivens
1155 3152 1332 3233 praecepit,

374 3256 428 3311 est
458 3249 625 3323 delatum,
657 3256 692 3310 et
728 3250 764 3309 in
794 3249 853 3311 illo
888 3249 1073 3311 honorifice
1102 3249 1329 3322 tumulatum

374 3348 467 3425 quotl
483 3347 651 3428 usquead
666 3354 802 3428 tempus
815 3367 882 3428 quo
894 3366 978 3426 gens
991 3366 1131 3427 pagana
1142 3348 1332 3423 Danorum,

374 3444 506 3506 crudeli
542 3445 635 3507 caede
670 3453 705 3507 et
741 3446 922 3526 tyrannica
951 3445 1226 3526 depopulatione,
1257 3444 1333 3508 An-

374 3540 510 3621 glorum
545 3550 771 3605 vastaverunt
807 3544 1014 3624 provinciae,
1055 3544 1182 3605 mansit
1220 3545 1334 3606 incor-

374 3638 539 3720 ruptum.⁴
587 3640 743 3702 Fuerunt
766 3650 883 3703 autem
910 3641 1065 3721 germani
1091 3641 1183 3721 regis
1211 3641 1335 3704 Wlferi

411 3792 417 3822 ι

411 3793 645 3925 ’ξ’ῗιχοοιῗιὲἱῖιῗυη]
664 3863 800 3912 Trentham
818 3864 844 3910 in
904 3860 913 3888 ⁴
930 3862 1020 3911 Thom.
1036 3863 1134 3910 Eliens.
1152 3862 1224 3910 Hist.
1236 3863 1334 3910 Ellens.

375 3932 564 3980 Stuffordshire.
867 3932 964 3991 Anglia
975 3932 1062 3992 Sacra,
1075 3945 1093 3980 1.
1105 3947 1131 3991 p.
1142 3934 1199 3991 ⁵96,
1208 3932 1258 3978 and
1267 3931 1336 3992 Cap·

313 4026 317 4036 =
412 4000 608 4062 ³Heunbyrig.]
653 4000 781 4058 Hanbury
818 4000 844 4045 in
869 4014 954 4061 grave.

374 4067 562 4116 Staffordshire.
