3098 4770
374 340 441 404 270
652 388 656 394 .
742 352 953 401 cueourcou

374 512 435 594 qui
451 517 486 572 et
504 507 779 586 AEthelberhtus,
797 510 899 573 Molli
914 511 1006 591 regis
1022 509 1141 584 filium,
1157 507 1192 571 in
1207 526 1324 587 regem

209 629 269 669 uo.
280 629 325 668 ua
373 609 590 672 levaverunt.
637 607 742 672 Hunc
757 627 895 690 quoque
906 609 1004 689 regni
1017 608 1072 671 sui
1085 624 1175 669 anno
1190 606 1324 688 quinto,

374 706 717 787 Northhymbrenses
740 706 951 787 abjecerunt,
966 714 1001 769 et
1023 702 1245 768 Alfwoldum¹
1267 722 1321 767 re·

207 822 234 860 Α.
243 821 269 860 1>-
280 822 325 861 aa
372 824 450 885 gem
482 805 749 877 constituerunt,
781 823 883 884 quem
914 809 982 866 111⁰.
1013 804 1110 883 regni
1136 802 1191 865 sui
1217 820 1323 877 auno,

372 903 481 984 Sigan
504 903 657 984 quidam,
679 902 732 965 vir
757 909 967 984 praepotens,
989 899 1117 982 injuste
1139 901 1284 981 peremit
1293 898 1323 973 ς’

372 1004 429 1065 cui
444 1021 552 1084 nepos
568 1020 651 1064 suus
670 1000 835 1075 Osredus,
851 998 997 1063 Alhredi
1012 998 1115 1073 filius,
1128 998 1293 1061 successit
1308 1017 1320 1063 ε

207 1116 324 1156 euna.
371 1099 462 1163 hune
493 1101 596 1163 etiam
629 1098 981 1179 Northhymbrenses,
1011 1115 1100 1159 anno
1130 1104 1319 1172 transacto,

371 1217 479 1278 regno
495 1198 716 1278 expulerunt,
733 1204 769 1259 et
782 1215 898 1276 regem
915 1194 1203 1270 AEthelberhturn,
1217 1213 1319 1275 quem

206 1312 323 1351 nnus.
370 1296 466 1376 prius
491 1302 724 1370 extruserunt,
742 1296 778 1357 in
799 1314 942 1376 regnum
961 1300 1184 1374 receperunt3
1206 1311 1275 1373 quo
1296 1311 1320 1357 a

368 1394 442 1456 suis
481 1393 676 1469 interfecto,
703 1392 877 1456 Osbaldus
912 1411 1058 1471 regnum
1092 1391 1256 1472 suscepit,
1282 1399 1321 1455 ct

368 1491 489 1570 paucis
505 1491 624 1553 diebus
642 1490 776 1562 tenuit;
804 1490 860 1552 cui
876 1489 1062 1552 Eardulfus
1082 1490 1261 1563 successit,
1282 1499 1320 1553 et

368 1608 440 1651 uno
466 1607 558 1652 anno
582 1588 749 1667 regnavit.
802 1587 938 1649 Deinde
964 1606 1026 1669 per
1053 1606 1160 1650 annos
1187 1602 1317 1651 Lxxvl.

370 1687 505 1770 aliquot
529 1688 785 1769 imperaverunt
806 1704 918 1766 reges,
937 1705 1083 1766 quorum
1109 1684 1219 1748 ultimi
1241 1685 1317 1749 fue·

369 1794 449 1848 runt
468 1785 624 1865 Osbryht
647 1792 683 1847 et
706 1785 811 1859 AElle,
837 1785 896 1864 qui
922 1803 1014 1847 anno
1038 1784 1229 1847 Dominicae
1255 1783 1317 1847 In·

368 1882 591 1952 carnationis,
609 1882 717 1962 juxta
762 1881 983 1961 Dionysium,
1018 1896 1245 1944 n.ccc.1.xvu.
1280 1881 1317 1943 in

369 1977 528 2041 Eboraco
557 1997 636 2040 cum
661 1977 747 2041 flore
776 1975 1113 2058 Northhymbrorum
1149 1979 1317 2058 perempti

366 2085 450 2141 sunt
481 2095 503 2139 a
532 2076 691 2157 paganis,
726 2074 889 2138 videlicet
926 2075 1050 2151 Danis,
1090 2073 1315 2155 Norreganis,

366 2172 507 2250 Suanis,
526 2174 663 2250 Gontis,
680 2181 717 2237 et
732 2174 948 2253 quarundam
968 2173 1113 2236 aliarum
1137 2173 1316 2237 nationum

364 2272 516 2352 populis.
579 2271 659 2349 Quo
690 2289 781 2334 anno
810 2269 952 2352 Anglici
982 2290 1093 2351 reges,
1120 2271 1182 2353 qui
1215 2271 1316 2335 annis

364 2384 529 2432 cccxxi.
552 2388 754 2450 regnavere,
778 2388 839 2449 per
869 2388 980 2432 annos
1009 2385 1058 2433 1.1.
1086 2369 1254 2450 imperare
1278 2369 1315 2431 in

365 2465 642 2549 Northhymbria
676 2467 832 2546 desiere;
870 2466 1130 2547 depopulationi
1167 2484 1315 2547 namque

362 2565 594 2647 servitutique
617 2564 800 2627 eorundem
827 2582 1054 2645 paganorum,
1070 2564 1201 2644 absque
1219 2582 1315 2643 rege,

363 2663 462 2724 annis
487 2679 563 2724 v111.
587 2661 825 2744 subjacebant.
879 2659 973 2724 Nam
998 2681 1060 2742 per
1087 2660 1122 2722 id
1149 2662 1313 2743 temporis

363 2761 528 2840 spatium,
559 2779 642 2839 rege
674 2756 917 2839 East-Angliae
948 2758 984 2822 S.
1002 2757 1205 2822 Eadmundo
1234 2777 1314 2841 per·

363 2866 492 2938 empto,
508 2865 544 2920 et
566 2856 777 2920 Merciorum
798 2876 881 2937 rege
906 2856 1086 2921 Burhredo
1107 2856 1201 2919 ultra
1218 2875 1315 2921 mare

361 2955 496 3034 fugato,
512 2974 699 3037 eorumque
715 2955 831 3034 regnis
856 2973 930 3017 suae
948 2954 1070 3016 ditioni
1082 2954 1249 3028 subactis,
1271 2973 1314 3019 ac

361 3052 521 3115 AElfredo
537 3051 836 3116 West-Saxonum
852 3071 933 3132 rege
947 3052 1054 3115 ferme
1069 3051 1207 3127 detrito,
1218 3051 1313 3134 ejus-

360 3169 429 3231 que
445 3169 554 3230 regno
571 3151 725 3213 maxima
742 3169 785 3212 ex
804 3157 904 3231 parte
918 3151 1054 3225 invaso,
1069 3168 1130 3230 per
1147 3147 1313 3230 Angliam

359 3255 395 3310 et
410 3248 504 3310 circa
520 3247 616 3310 illam
635 3256 880 3328 pervagantes,
904 3248 1112 3311 monasteria
1138 3265 1217 3309 cum
1238 3267 1314 3312 mo·

359 3345 480 3408 nachis
498 3353 533 3407 et
557 3346 888 3420 sanctimonialibus,
904 3346 1068 3408 eeclesias
1085 3364 1163 3408 cum
1180 3345 1314 3410 clericis

358 3442 554 3517 incendere,
580 3443 751 3518 civitates,
766 3445 881 3518 urbeS,
898 3444 1036 3524 oppida,
1052 3443 1223 3525 villasque
1237 3462 1312 3507 cre·

358 3558 467 3615 mare,
483 3559 588 3620 agros
614 3540 809 3615 devastare,
824 3548 962 3622 strages
986 3542 1161 3605 hominum
1184 3542 1313 3605 multas

359 3656 474 3717 agere,
501 3639 640 3701 minime
655 3639 858 3711 cessabant3
883 3658 946 3702 nec
972 3641 1108 3715 mirum,
1131 3647 1204 3703 tam
1224 3640 1313 3704 vali·

394 3816 401 3846 ¹
420 3820 590 3884 Alswoldum]
609 3823 652 3871 He
663 3836 718 3870 was
730 3822 828 3870 theson
837 3821 866 3868 os
875 3821 986 3871 Oswulf.
1022 3822 1084 3872 Sim.
1092 3823 1312 3874 Dunelmntto.

391 3889 401 3918 ²
419 3890 550 3953 Peremit.]
568 3892 600 3939 In
611 3894 685 3952 cujus
696 3891 751 3939 loco
763 3891 943 3951 peremptionis

499 3983 610 4031 Coelitus
629 3984 732 4043 emissa,
752 3983 796 4030 lux
816 3987 854 4030 est
874 3982 1017 4030 clarissima
1029 3982 1091 4031 visa.

271 4087 274 4092 ·
356 4071 486 4122 Successit
497 4076 520 4122 ei
533 4076 558 4122 in
570 4090 684 4136 regnum,
696 4080 744 4124 ete.
756 4075 839 4124 Editt.
850 4076 905 4123 add.
920 4074 950 4123 G.
962 4075 993 4122 L.
1004 4073 1071 4121 omit.
