3098 4770
375 308 443 373 206
732 323 957 371 cuaourcou

377 497 484 558 super
510 485 546 540 et
570 475 605 539 N
607 484 823 554 ortmannos,
847 488 883 543 et
905 479 1158 553 Bononienses,
1186 477 1245 558 qui
1271 495 1331 540 oa·

377 575 520 637 stellam
546 575 581 637 in
604 575 834 639 Doruverniae
856 577 946 640 clivo
966 583 1165 652 tenuerunt,
1187 576 1253 638 sub
1273 575 1330 638 de

378 672 598 735 nuntiatione
621 672 702 735 belli
724 673 962 752 reposcebant.
1016 674 1071 738 Ob
1092 675 1127 737 id
1149 682 1265 737 autem
1284 673 1329 736 ad

379 778 517 849 tempus
534 789 599 832 rex
615 771 835 851 perterritus,
852 779 887 833 et
901 771 938 832 iu
955 788 1086 850 angore
1100 791 1227 852 magno
1247 789 1328 833 con·

378 869 538 944 stitutus,
554 868 637 949 quid
650 876 771 949 ageret
785 869 971 948 ignorabat
984 869 1135 950 penitus.
1186 867 1255 931 Sed
1269 869 1329 930 ubi

378 968 573 1030 exercitum
588 968 754 1030 comitum
776 966 937 1042 Leofrici,
953 966 1113 1042 Siwardi,
1129 974 1164 1029 et
1186 965 1328 1029 Radulfi

378 1065 756 1144 adventarecomperit,
766 1082 804 1125 se
814 1064 1011 1127 nullatenus
1021 1064 1217 1127 Eustatium
1228 1063 1329 1125 alios·

378 1178 446 1239 que
469 1163 654 1239 requisitos
674 1160 895 1235 traditurum,
909 1168 1110 1223 constanter
1130 1161 1326 1241 respondit:

378 1274 448 1336 quo
464 1257 597 1332 audito,
614 1258 717 1320 vacui
732 1257 877 1321 redeunt
893 1258 1012 1338 legati.
1048 1257 1182 1335 Quibus
1196 1259 1327 1320 abeun-

377 1354 485 1429 tibus,
502 1355 678 1417 exercitus
697 1353 922 1418 Glawornam
942 1355 1100 1430 intravit,
1122 1356 1172 1418 ita
1195 1355 1328 1418 inflam-

377 1459 506 1526 matus,
523 1460 559 1515 et
575 1452 738 1515 concordi
756 1453 871 1515 animo
887 1452 931 1515 ad
951 1472 1103 1533 pugnam
1119 1461 1271 1534 paratus,
1287 1461 1328 1516 ut

377 1551 508 1626 statim,
526 1551 556 1612 si
574 1569 637 1612 rex
657 1552 884 1630 permitteret,
902 1569 980 1612 cum
999 1551 1153 1613 exercitu
1169 1549 1328 1613 Godwiui

225 1673 330 1750 ‘pepo
376 1667 530 1728 pugnarn
541 1648 628 1711 inire
639 1648 755 1711 vellet.
773 1647 823 1710 At
832 1649 915 1729 quia
924 1648 966 1711 de
978 1654 1053 1711 tota
1062 1647 1326 1730 Angliaquique

242 1771 256 1798 n
272 1771 307 1800 on.
376 1746 536 1808 meliores
553 1747 589 1808 in
605 1765 671 1809 sua
690 1755 726 1809 et
739 1747 878 1811 illorum
892 1755 991 1827 parte
1015 1755 1114 1810 erant
1127 1747 1325 1820 coadunati,

377 1843 498 1904 comiti
513 1841 673 1905 Leofrico
689 1850 726 1904 et
741 1843 948 1923 quibusdam
963 1844 1041 1905 aliis
1055 1863 1217 1923 magnum
1231 1845 1326 1908 vide-

376 1939 481 2001 batur
508 1938 674 2014 insiliam,
705 1945 746 2000 ut
777 1938 846 2018 ipsi
875 1958 955 2001 cum
982 1940 1056 2002 suis
1086 1941 1324 2020 compatriotis

375 2037 505 2099 bellum
529 2037 678 2115 inirent3
702 2035 765 2100 sed
789 2036 967 2100 obsidibus
992 2036 1037 2099 ad
1061 2036 1206 2100 invicem
1221 2037 1325 2114 datis,

375 2153 440 2196 rex
469 2140 505 2197 et
531 2133 724 2198 Godwinus
744 2134 800 2198 die
816 2136 1004 2198 constituto
1024 2134 1069 2198 ad
1089 2134 1324 2216 placitandum

377 2230 596 2293 Lundoniam
625 2232 861 2295 convenirent.
928 2232 1084 2297 Probato
1112 2233 1257 2296 consilio
1288 2242 1325 2297 et

375 2328 506 2389 nuntiis
535 2328 858 2404 intercurrentibus,
886 2330 1062 2392 obsidibus
1088 2331 1179 2394 datis
1203 2338 1239 2393 et
1265 2349 1324 2394 ac-

374 2425 499 2505 ceptis,
510 2425 584 2488 dux
598 2425 635 2488 in
648 2424 957 2489 West-Saxoniam
966 2427 1067 2490 rediit
1078 2445 1087 2505 3
1107 2416 1172 2490 re'x
1185 2446 1267 2491 vero
1280 2429 1324 2491 de

375 2529 452 2585 tota
467 2522 614 2598 Mercia,
632 2531 668 2586 et
692 2523 969 2605 Northbymbria
981 2524 1207 2605 copiosiorem
1223 2544 1324 2588 exer·

374 2621 483 2684 citum
508 2621 746 2702 congregavit,
769 2629 804 2684 et
828 2640 946 2685 secum
968 2621 1187 2686 Lundoniam
1211 2622 1323 2687 duxit.

210 2732 335 2820 '¹¹,⁸¹¹‘,⁸¹¹⁶
377 2717 571 2782 Godwinus
599 2726 717 2783 autem
752 2726 787 2783 et
818 2719 881 2783 filii
917 2719 994 2803 ejus
1025 2719 1070 2782 ad
1099 2719 1321 2785 Suthweorce

208 2783 266 2920 {3¹}
274 2783 323 2870 212?
325 2783 362 2871 ῗιῗῖ
374 2836 501 2880 venere
516 2836 595 2880 cum
617 2835 748 2898 magna
761 2817 1060 2880 west-Saxonum
1080 2817 1321 2896 multitudine;

260 2908 266 2921 '
372 2915 434 2977 sed
449 2914 533 2995 quia
546 2933 632 2977 suus
647 2915 691 2976 ab
703 2934 744 2978 eo
753 2914 923 2996 paulatim
934 2914 1128 2977 defluxerat
1137 2917 1322 2992 exercitus,

372 3013 542 3093 placitum
570 3012 657 3074 inire
689 3031 769 3074 cum
800 3031 882 3092 rege
910 3030 979 3075 non
1009 3012 1171 3088 audebat,
1201 3033 1322 3077 verum

372 3115 476 3172 nocte
501 3110 768 3191 superveniente
790 3109 915 3190 vsugam
938 3108 1027 3172 iniit.
1079 3109 1196 3187 Quare
1219 3130 1321 3175 mane

371 3205 480 3283 facto,
512 3227 576 3270 rex
601 3208 639 3270 in
664 3226 728 3271 suo
753 3207 909 3281 concilio,
942 3213 978 3269 et
1006 3208 1117 3270 omnis
1147 3208 1321 3272 exercitus

371 3305 527 3366 unanimi
552 3324 736 3380 consensu,
764 3304 863 3367 illum
890 3313 925 3367 et
950 3305 1102 3384 quinque
1130 3304 1220 3367 filios
1244 3306 1321 3388 ejus

370 3401 493 3463 exules
514 3401 587 3464 foi-e
608 3402 857 3475 decreverunt;
883 3403 942 3483 qui
967 3420 1049 3464 mox
1073 3421 1150 3464 cum
1173 3402 1322 3485 conjuge

370 3517 435 3561 sua
468 3497 601 3579 Gytha,
633 3507 670 3562 et
698 3500 799 3563 Tosti
825 3518 904 3561 cum
929 3481 1041 3562 aiore
1067 3519 1131 3562 sua
1154 3500 1320 3578 Juthitta,

370 3595 444 3659 filia
458 3597 622 3661 videlicet
644 3596 818 3660 Baldwini
836 3597 1101 3660 Flandrensium
1116 3599 1260 3674 comitis,
1278 3618 1320 3662 ac

370 3696 440 3758 duo
457 3695 517 3757 aiii
533 3695 609 3777 ejus
624 3694 698 3769 filii,
715 3695 851 3758 Suanus
869 3702 904 3756 et
921 3693 1050 3777 Gyrth,
1066 3696 1110 3758 ad
1124 3696 1320 3778 Thornege,

368 3794 430 3856 ubi
454 3794 554 3856 navis
570 3795 619 3856 eis
639 3800 766 3873 parata
788 3791 913 3868 fuerat,
943 3801 1129 3858 venerunt:
1153 3795 1189 3856 in
1215 3813 1319 3875 quam

368 3899 506 3953 tantum
523 3893 600 3955 auri
617 3898 653 3954 et
668 3891 816 3971 argenti,
831 3891 1046 3972 aliarumque
1060 3912 1176 3956 rerum
1191 3894 1321 3973 pretio-

367 4007 498 4063 sarum,
527 3997 697 4068 quantum
715 3988 776 4052 illa
798 3997 938 4070 portare
965 3991 1091 4071 potuit,
1117 3989 1321 4053 festinanter
