3098 4770
456 330 648 376 FLORENTll
674 330 951 378 wtconulunsts.
1120 317 1180 380 ffll

231 483 416 547 vehemens
451 484 569 546 extitit
604 493 744 559 ventuS,
771 495 810 547 ut
852 486 981 548 multas
1019 487 1183 550 ccclesias

231 582 421 662 domosque
459 582 621 657 dirueret,
659 591 696 645 et
732 583 997 647 innumerabiles
1042 587 1184 649 arbores

233 680 420 759 frangeret,
436 680 492 743 vel
508 680 675 743 radicitus
691 681 851 745 erueret.¹

283 776 420 840 Griffini
453 778 545 857 regis
578 776 795 842 Australium
822 779 1039 843 Walensium
1066 781 1183 857 frater,
1210 801 1339 840 nolon.

232 875 304 937 Res
340 876 491 951 nomine,
525 884 668 955 propter
697 876 893 957 frequentes
928 879 1066 959 praedas
1096 900 1184 962 quas
1197 867 1349 954 ggssffi„

232 974 304 1052 egit
333 973 369 1035 in
398 973 476 1036 loco
504 973 564 1054 qui
592 974 776 1037 Bulendun
804 975 940 1050 dicitur,
963 976 1068 1058 jussu
1092 979 1183 1058 regis
1197 965 1260 1002 ⁵¹⁸⁰·

233 1071 431 1147 Eadwardi,
456 1070 636 1147 occiditur,
662 1079 698 1134 et
727 1070 952 1136 Glawornam
978 1083 1084 1154 caput
1107 1077 1182 1157 ejus

232 1169 276 1231 ad
303 1156 419 1249 regem
437 1170 474 1231 in
488 1170 609 1250 vigilia
630 1171 836 1252 Epiphaniae
857 1172 998 1235 Domini
1021 1169 1058 1254 [5
1081 1173 1181 1254 lan]

232 1274 286 1329 est
312 1266 480 1330 allatum.¹
542 1268 673 1331 Eodem
700 1288 801 1345 anno,
829 1271 911 1332 dum
936 1272 1089 1334 secunda
1113 1271 1300 1334 Pa-oennor

232 1365 359 1428 scholis
390 1365 589 1428 festivitatis
614 1366 845 1430 celebraretur
871 1368 957 1430 feria
983 1369 1043 1448 [12
1065 1339 1305 1450 Apr.],⁰⁰‘¹”¹”⁹‘

232 1463 434 1539 wintoniae,
455 1462 627 1527 Godwino
650 1465 780 1540 comiti,
802 1484 895 1529 more
915 1465 1019 1529 solito
1042 1468 1115 1546 regi
1138 1469 1182 1530 ad

233 1582 387 1625 mensam
425 1562 603 1638 assidenti,
633 1582 795 1644 suprema
826 1564 940 1628 evenit
980 1564 1182 1643 calamitas;

232 1662 332 1738 gravi
369 1661 496 1724 etenim
536 1662 656 1723 morbo
687 1681 732 1723 ex
763 1663 952 1741 improviso
985 1681 1182 1742 percussus

232 1768 348 1819 mutus
372 1757 504 1838 inipso
531 1756 613 1819 sede
638 1757 833 1820 declinavit.
886 1757 990 1836 Quod
1013 1759 1075 1822 filii
1095 1759 1182 1841 ejus,

232 1874 347 1918 comes
368 1854 561 1931 Haroldus,
579 1855 690 1930 Tosti,
711 1863 747 1919 et
767 1855 879 1937 Gyrth
896 1857 1066 1934 videntes,
1084 1859 1183 1921 illum

231 1955 267 2015 in
283 1954 376 2035 regis
394 1973 565 2017 cameram
583 1955 782 2036 portabant,
799 1963 980 2035 sperantes
1003 1975 1081 2018 eum
1101 1966 1181 2037 post

232 2052 405 2115 modicum
437 2054 480 2115 de
506 2051 707 2116 infirmitate
738 2052 999 2116 convalescere:
1033 2054 1094 2116 sed
1123 2055 1182 2117 ille

230 2168 356 2229 expers
378 2150 516 2225 virium,
539 2150 661 2230 quinta
682 2156 763 2232 post
783 2150 857 2212 haec
879 2150 966 2213 seria
989 2151 1049 2231 [15
1063 2150 1182 2233 Apr.],

230 2247 417 2310 miserabili
448 2247 603 2321 cruciatu
633 2249 709 2312 vita
737 2249 895 2322 decessit,
927 2256 963 2312 et
993 2249 1028 2310 in
1062 2249 1181 2313 Veteri

232 2344 448 2408 Monasterio
465 2345 631 2427 sepultus.
647 2353 723 2419 est;
752 2346 851 2427 cujus
876 2346 1042 2409 ducatum
1064 2366 1180 2409 susce·

228 2443 282 2523 pit
306 2443 398 2505 filius
424 2442 501 2524 ejus
523 2443 719 2519 Har-oldus,
734 2452 769 2507 et
787 2443 862 2525 ejus
877 2445 1063 2506 comitatus
1079 2445 1182 2507 datus

230 2547 284 2602 est
298 2539 433 2622 Algaro
449 2540 600 2604 Loofrici
619 2542 756 2604 comitis
777 2539 873 2604 tilio.2
931 2541 1055 2605 Mense
1075 2541 1181 2606 Octo·
1194 2560 1299 2609 unusne
1308 2562 1343 2609 br·

1195 2611 1218 2648 of
1224 2610 1335 2654 Liclrtlcld,

231 2639 283 2699 bri
310 2638 447 2702 Wlsius
475 2638 738 2702 Licetfeldensis
763 2639 957 2721 episcopus,
983 2648 1019 2702 et
1038 2642 1182 2703 abbates
1194 2660 1331 2747 aarum

231 2733 425 2799 Godwinus
470 2736 817 2813 Wincelcumbensis,
859 2745 895 2800 et
938 2737 1182 2816 AEgelwardus
1195 2757 1346 2845 maffia

231 2832 490 2897 Glastoniensis
527 2835 760 2898 decesserunt„
818 2833 931 2897 Wlsio
971 2835 1339 2952 L⁶⁰fwi¹¹u⁸³gfflgm

231 2931 479 2995 Coventrensis
499 2934 619 3008 abbas,
643 2941 680 2996 et
701 2931 921 3011 AEgelwardo
939 2932 1180 3012 AEgelnothus,
1194 2955 1308 3049 mag!

231 3016 386 3111 ejusdem
430 3031 632 3092 monasterii
683 3029 881 3103 monachus,
929 3040 1180 3094 successerunt.
1194 3051 1311 3096 neonus

155 3138 158 3145 '
229 3125 404 3190 Aldredus
420 3146 504 3191 vero
525 3127 778 3208 Wigorniensis
799 3127 981 3207 episcopus
1007 3129 1181 3190 abbatiam
1194 3099 1332 3188 {illidit

211 3223 588 3287 ’Wincelcumbcnsem
613 3224 747 3287 tamdiu
766 3225 801 3285 in
828 3243 933 3285 mauu
953 3243 1019 3286 sua
1045 3225 1179 3301 tenuit,¹

230 3322 339 3385 donec
350 3322 549 3401 Godricum‚
563 3324 654 3402 regis
670 3320 840 3402 capellani
853 3319 1049 3384 Godmanni
1061 3323 1180 3398 filium,

229 3421 390 3482 abbatem
404 3422 638 3484 constitueret.
692 3419 856 3482 AElfricus
874 3439 1058 3499 germanus
1072 3419 1180 3483 Oddae

229 3519 366 3580 comitis
404 3519 496 3599 apud
539 3519 755 3599 Deorhyrste
803 3533 855 3578 xi.
905 3517 976 3580 kal.
1020 3517 1180 3580 Januarii
1225 3522 1235 3536 ⁰

230 3615 289 3695 [22
306 3613 409 3694 Dec]
429 3616 525 3690 obiit,
541 3617 601 3678 sed
624 3617 659 3677 in
682 3615 889 3677 monasterio
911 3614 1111 3677 Persorensi
1127 3624 1180 3678 est

230 3712 448 3775 tumulatus¹
491 3711 596 3791 [Aea
609 3712 757 3774 clericus
770 3712 938 3774 barbosus
949 3711 985 3773 in
1001 3711 1181 3786 Hibernia,
1195 3738 1240 3775 ner
1248 3736 1346 3786 expelled

229 3812 282 3873 vir
319 3810 568 3872 famosissimus
601 3817 636 3871 et
672 3809 767 3870 mirae
800 3807 976 3888 religionis
1012 3809 1089 3884 fuit,
1121 3786 1304 3890 quimus.

696 3992 702 4109 1
755 3984 840 4036 'Sam
864 3987 969 4042 Chron„
991 3989 1038 4038 but
1059 3990 1110 4038 less
1132 3993 1182 4040 cir-

721 4058 907 4117 cumstantially
919 4057 979 4105 than
993 4058 1120 4108 Florence.

1006 4140 1019 4173 r
1038 4132 1053 4174 2

266 4022 272 4048 ¹
292 4024 353 4073 Sax.
366 4023 460 4073 Clrrou.
