3098 4770
373 330 438 394 106
746 342 956 390 cuuonrcorr

373 503 519 584 pererit,
538 521 579 563 ea
597 500 804 575 conditione,
821 506 860 561 ut
875 499 986 580 prima
1011 517 1092 579 pars
1118 495 1323 578 pauperibus

375 599 646 680 uniuscujusque
669 598 781 678 gentis
809 597 869 678 qui
894 596 937 659 ad
962 616 1041 659 eum
1058 594 1240 657 veniebant
1254 593 1324 654 dis·

375 697 566 759 cretissime
594 702 816 776 erogar·etur;
841 695 1026 780 secundam
1049 694 1183 757 duobus
1207 710 1323 754 mona·

374 796 489 857 steriis
505 815 582 877 quae
606 795 681 878 ipse
703 794 777 857 fieri
790 794 1032 875 imperaverat,
1054 800 1089 855 et
1112 793 1147 854 in
1172 790 1225 853 his
1248 789 1324 852 Deo

374 894 628 973 servientibus3
668 893 804 956 tertiam
837 892 964 956 scholae
995 910 1097 972 quam
1132 908 1177 952 ex
1209 887 1324 950 multis

374 993 489 1072 gentis
516 1011 588 1054 suae
612 992 783 1055 nobilibus
802 997 837 1053 et
852 991 954 1054 etiam
980 989 1094 1070 pueris
1118 985 1324 1067 ignobilibus

374 1090 624 1152 studiosissime
661 1096 910 1168 congregarat3
938 1094 1095 1170 quartam
1120 1083 1325 1147 circumlini-

374 1187 468 1248 timis
485 1186 627 1248 inomni
651 1185 805 1248 Saxonia
828 1193 863 1249 et
890 1185 1024 1248 Mercia
1040 1181 1267 1258 monasteriis,
1290 1189 1326 1245 et

374 1283 479 1345 etiam
503 1283 709 1362 quibusdam
732 1283 830 1344 annis
859 1302 920 1363 per
948 1283 1038 1345 vices
1065 1283 1100 1344 in
1131 1281 1325 1353 Britannia,

375 1379 564 1456 Cornubia,
581 1379 710 1456 Gallia,
728 1380 921 1456 Armorica,
939 1380 1222 1462 Northhymbria,
1240 1385 1274 1440 et
1289 1378 1324 1441 in

375 1478 557 1555 Hibernia,
570 1478 736 1555 ecclesiis
752 1479 937 1541 secundum
951 1479 1213 1560 possibilitatem
1228 1495 1325 1539 suam

208 1595 342 1682 pomnen
375 1577 559 1641 distribuit.
615 1577 684 1640 His
699 1578 749 1640 ita
772 1579 814 1640 ab
831 1597 871 1640 eo
892 1577 1126 1640 ordinabiliter
1140 1575 1325 1658 dispositis

225 1656 242 1683 ¹⁵
253 1651 313 1684 Μ’
374 1677 549 1740 dimidiam
564 1678 668 1740 etiam
684 1684 815 1759 partem
827 1677 958 1740 servitii
973 1677 1095 1738 mentis
1111 1683 1147 1738 et
1162 1674 1324 1755 corporiS,

373 1776 410 1836 in
426 1784 593 1856 quantum
617 1774 809 1849 iufirmitas,
836 1775 1057 1856 possibilitas
1079 1783 1182 1854 atque
1200 1791 1324 1854 suppe-

375 1873 483 1933 tentia
519 1873 746 1953 permitteret,
775 1872 896 1935 diurno
926 1871 1056 1935 scilicet
1089 1891 1130 1934 ac
1159 1879 1325 1934 nocturno

373 1976 541 2051 tempore,
571 1970 654 2032 totis
680 1969 813 2032 viribus
838 1989 876 2031 se
907 1969 1118 2032 redditurum
1144 1970 1221 2033 Deo
1243 1987 1323 2049 spo-

373 2067 505 2148 pondit.
559 2066 661 2131 Unde
677 2068 876 2148 excogitare
892 2068 997 2149 eoepit
1014 2088 1082 2148 qua
1096 2069 1230 2131 ratione
1244 2084 1324 2146 pro·

374 2165 517 2227 missum
543 2166 617 2229 voti
645 2167 699 2228 sui
736 2173 888 2229 tenorem
920 2165 1115 2228 lethotenus
1138 2165 1324 2227 incommu-

270 2265 275 2272 '
366 2263 529 2325 'tabiliter
570 2281 774 2326 conservare
810 2269 939 2343 posset.
992 2261 1148 2325 Tandem
1185 2262 1324 2324 invento

374 2358 451 2421 utili
468 2359 686 2441 discretoque
704 2359 857 2435 consilio,
873 2360 939 2422 sibi
964 2378 1078 2422 ceram
1102 2359 1325 2423 sufficientem
1394 2432 1397 2438 ,

375 2455 502 2531 offerri,
527 2464 563 2519 et
586 2457 631 2519 ad
654 2458 813 2520 denarios
831 2477 977 2538 pensare
1004 2459 1038 2520 in
1066 2455 1210 2521 trutina¹
1235 2477 1324 2539 prae-

375 2555 489 2635 cepit;
515 2574 661 2636 cumque
682 2562 782 2618 tanta
799 2575 879 2619 cera
893 2563 1092 2619 mensurata
1105 2556 1228 2618 fuisset
1247 2574 1325 2636 quae

375 2668 500 2716 uxxn.
528 2652 688 2715 denarios
719 2661 890 2733 pensaret,
916 2671 979 2715 sex
1009 2654 1181 2729 candelae,
1207 2673 1328 2716 unam·
1369 2674 1371 2678 ¹

375 2768 548 2831 quamque
562 2769 664 2831 aequa
688 2748 799 2825 lance,
814 2749 1001 2832 capellanis
1022 2751 1093 2814 suis
1114 2752 1193 2815 inde
1216 2753 1327 2815 facere

374 2848 576 2927 mandavit3
603 2848 704 2910 itaut
717 2867 933 2929 unaquaeque
949 2849 1092 2912 candela
1115 2867 1185 2913 xri.
1206 2850 1326 2912 uncias

374 2945 511 3027 pollicis
542 2946 576 3006 in
609 2965 646 3007 se
673 2946 830 3025 signatas
861 2948 898 3008 in
929 2945 1144 3026 longitudine
1160 2937 1325 3011 baberet.

376 3042 502 3122 Itaque
518 3043 582 3104 hac
599 3051 738 3123 reperta
761 3044 906 3119 ratione,
923 3063 986 3106 sex
1008 3044 1077 3107 illae
1092 3046 1244 3109 candelae
1265 3065 1328 3128 per

376 3156 486 3202 xxiv.
521 3139 624 3202 horas
655 3140 710 3203 die
741 3148 913 3223 noctuque
945 3143 1019 3204 sine
1050 3142 1187 3206 delectu
1213 3162 1327 3206 coram

374 3237 561 3299 multorum
584 3245 783 3300 sanctorum
808 3239 973 3320 reliquiis,
990 3260 1068 3320 quae
1094 3260 1230 3323 semper
1251 3260 1328 3304 cum

191 3391 195 3402 .
374 3354 415 3396 eo
431 3336 558 3415 ubique
571 3337 835 3411 comitabantur,
849 3337 1049 3400 ardebant.''

209 3452 251 3491 na
259 3451 350 3512 rupuar
425 3432 543 3495 “Erat
553 3441 723 3512 praeterea
733 3453 796 3495 rex
809 3434 899 3495 idem
913 3435 948 3497 in
960 3436 1170 3517 exequendis
1176 3435 1330 3518 judiciis,

209 3502 347 3589 iib⁰¹⁸²¹²‘
375 3529 465 3591 sicut
487 3529 522 3589 in
546 3531 681 3591 caeteris
708 3529 785 3592 aliis
803 3532 959 3593 omnibus
985 3534 1099 3609 rebus,
1125 3534 1328 3597 discretissi-

374 3645 452 3687 mus
467 3626 669 3706 indagator:
695 3646 773 3689 nam
799 3629 914 3690 omnia
937 3649 1024 3710 pene
1047 3633 1153 3694 totius
1179 3652 1251 3694 suae
1274 3650 1328 3694 re·

375 3725 487 3804 gionis
499 3724 642 3806 judicia,
658 3745 735 3807 quae
758 3725 793 3786 in
817 3727 974 3788 absentia
989 3747 1053 3790 sua
1068 3729 1208 3805 fiebant,
1225 3748 1328 3808 saga·

375 3825 461 3885 citer
486 3823 720 3904 investigabat
746 3823 862 3904 qualia
888 3823 1130 3908 fierent,justa
1147 3828 1327 3889 autetiam
1384 3817 1386 3822 ’

794 4044 800 4072 ¹
820 4048 903 4094 bilibri
917 4046 950 4094 Δ.
