<?xml version="1.0" encoding="UTF-8"?>
<!DOCTYPE html PUBLIC "-//W3C//DTD XHTML 1.0 Transitional//EN"
    "http://www.w3.org/TR/xhtml1/DTD/xhtml1-transitional.dtd">
<html xmlns="http://www.w3.org/1999/xhtml" xml:lang="en" lang="en">
 <head>
  <title>
</title>
<meta http-equiv="Content-Type" content="text/html;charset=utf-8" />
  <meta name='ocr-system' content='tesseract 3.04.00' />
  <meta name='ocr-capabilities' content='ocr_page ocr_carea ocr_par ocr_line ocrx_word'/>
</head>
<body>
  <div class='ocr_page' id='page_1' title='image "./florentiiwigorn00florgoog_0122.png"; bbox 0 0 3098 4770; ppageno 0'>
   <div class='ocr_carea' id='block_1_1' title="bbox 441 333 1168 421">
    <p class='ocr_par' dir='ltr' id='par_1_1' title="bbox 441 333 1168 421">
     <span class='ocr_line' id='line_1_1' title="bbox 441 333 1168 421; baseline -0.001 -23"><span class='ocrx_word' id='word_1_1' title='bbox 441 351 634 398; x_wconf 78' lang='lat' dir='ltr'><strong>rnonrurn</strong></span> <span class='ocrx_word' id='word_1_2' title='bbox 664 350 946 421; x_wconf 73' lang='lat' dir='ltr'><strong>wrcorrurusrs.</strong></span> <span class='ocrx_word' id='word_1_3' title='bbox 1102 333 1168 398; x_wconf 86' lang='grc'><strong>113</strong></span> 
     </span>
    </p>
   </div>
   <div class='ocr_carea' id='block_1_2' title="bbox 210 505 1333 3815">
    <p class='ocr_par' dir='ltr' id='par_1_2' title="bbox 210 505 1258 883">
     <span class='ocr_line' id='line_1_2' title="bbox 210 505 1258 587; baseline 0.004 -21"><span class='ocrx_word' id='word_1_4' title='bbox 210 506 303 587; x_wconf 85' lang='lat' dir='ltr'>ripas</span> <span class='ocrx_word' id='word_1_5' title='bbox 328 507 482 587; x_wconf 87' lang='lat' dir='ltr'><strong>praedam</strong></span> <span class='ocrx_word' id='word_1_6' title='bbox 500 516 619 586; x_wconf 89' lang='lat' dir='ltr'><strong>agunt.</strong></span> <span class='ocrx_word' id='word_1_7' title='bbox 676 505 831 584; x_wconf 90' lang='lat' dir='ltr'><strong>Quorum</strong></span> <span class='ocrx_word' id='word_1_8' title='bbox 861 507 1000 569; x_wconf 84' lang='lat' dir='ltr'>nimiam</span> <span class='ocrx_word' id='word_1_9' title='bbox 1024 506 1168 570; x_wconf 80' lang='lat' dir='ltr'><strong>infesta·</strong></span> <span class='ocrx_word' id='word_1_10' title='bbox 1253 549 1258 557; x_wconf 90' lang='lat'><em>-</em></span> 
     </span>
     <span class='ocr_line' id='line_1_3' title="bbox 212 604 1168 681; baseline 0 -15"><span class='ocrx_word' id='word_1_11' title='bbox 212 605 340 666; x_wconf 91' lang='lat' dir='ltr'><strong>tionem</strong></span> <span class='ocrx_word' id='word_1_12' title='bbox 357 605 463 667; x_wconf 89' lang='lat' dir='ltr'><strong>duces</strong></span> <span class='ocrx_word' id='word_1_13' title='bbox 481 604 698 679; x_wconf 84' lang='lat' dir='ltr'><strong>nobilissimi,</strong></span> <span class='ocrx_word' id='word_1_14' title='bbox 720 605 941 679; x_wconf 87' lang='lat' dir='ltr'><strong>AEtlreredus,</strong></span> <span class='ocrx_word' id='word_1_15' title='bbox 958 604 1168 681; x_wconf 88' lang='lat' dir='ltr'><strong>AEthelnrus,</strong></span> 
     </span>
     <span class='ocr_line' id='line_1_4' title="bbox 214 702 1168 784; baseline 0.001 -20"><span class='ocrx_word' id='word_1_16' title='bbox 214 702 474 777; x_wconf 89' lang='lat' dir='ltr'><strong>AEthelnothus,</strong></span> <span class='ocrx_word' id='word_1_17' title='bbox 492 703 677 783; x_wconf 68' lang='lat' dir='ltr'><strong>caeterique</strong></span> <span class='ocrx_word' id='word_1_18' title='bbox 693 704 839 766; x_wconf 89' lang='lat' dir='ltr'><strong>ministri</strong></span> <span class='ocrx_word' id='word_1_19' title='bbox 865 705 968 784; x_wconf 89' lang='lat' dir='ltr'><strong>regis,</strong></span> <span class='ocrx_word' id='word_1_20' title='bbox 985 722 1072 782; x_wconf 93' lang='lat' dir='ltr'><strong>quos</strong></span> <span class='ocrx_word' id='word_1_21' title='bbox 1095 703 1168 782; x_wconf 89' lang='lat' dir='ltr'><strong>ipse</strong></span> 
     </span>
     <span class='ocr_line' id='line_1_5' title="bbox 211 800 1169 883; baseline 0.002 -22"><span class='ocrx_word' id='word_1_22' title='bbox 211 800 362 880; x_wconf 83' lang='lat' dir='ltr'><strong>praesidii</strong></span> <span class='ocrx_word' id='word_1_23' title='bbox 393 819 499 863; x_wconf 89' lang='lat' dir='ltr'><strong>causa</strong></span> <span class='ocrx_word' id='word_1_24' title='bbox 525 820 586 881; x_wconf 89' lang='lat' dir='ltr'><strong>per</strong></span> <span class='ocrx_word' id='word_1_25' title='bbox 612 801 827 877; x_wconf 88' lang='lat' dir='ltr'><strong>munitiones,</strong></span> <span class='ocrx_word' id='word_1_26' title='bbox 856 821 918 883; x_wconf 91' lang='lat' dir='ltr'><strong>per</strong></span> <span class='ocrx_word' id='word_1_27' title='bbox 942 800 1082 881; x_wconf 89' lang='lat' dir='ltr'><strong>oppida,</strong></span> <span class='ocrx_word' id='word_1_28' title='bbox 1107 821 1169 880; x_wconf 90' lang='lat' dir='ltr'><strong>per</strong></span> 
     </span>
    </p>

    <p class='ocr_par' dir='ltr' id='par_1_3' title="bbox 212 898 1167 1077">
     <span class='ocr_line' id='line_1_6' title="bbox 212 898 1167 978; baseline 0.001 -19"><span class='ocrx_word' id='word_1_29' title='bbox 212 898 327 973; x_wconf 90' lang='lat' dir='ltr'><strong>urbes,</strong></span> <span class='ocrx_word' id='word_1_30' title='bbox 355 918 424 961; x_wconf 92' lang='lat' dir='ltr'><strong>non</strong></span> <span class='ocrx_word' id='word_1_31' title='bbox 448 898 562 962; x_wconf 88' lang='lat' dir='ltr'><strong>solum</strong></span> <span class='ocrx_word' id='word_1_32' title='bbox 589 899 624 960; x_wconf 92' lang='lat' dir='ltr'><strong>in</strong></span> <span class='ocrx_word' id='word_1_33' title='bbox 650 898 809 961; x_wconf 83' lang='lat' dir='ltr'><strong>orientali</strong></span> <span class='ocrx_word' id='word_1_34' title='bbox 831 899 936 978; x_wconf 83' lang='lat' dir='ltr'>plaga</span> <span class='ocrx_word' id='word_1_35' title='bbox 959 898 1167 974; x_wconf 86' lang='lat' dir='ltr'><strong>Pedredan‚¹</strong></span> 
     </span>
     <span class='ocr_line' id='line_1_7' title="bbox 213 994 1167 1077; baseline 0.002 -21"><span class='ocrx_word' id='word_1_36' title='bbox 213 995 391 1058; x_wconf 85' lang='lat' dir='ltr'><strong>sedetiam</strong></span> <span class='ocrx_word' id='word_1_37' title='bbox 406 998 441 1058; x_wconf 93' lang='lat' dir='ltr'><strong>in</strong></span> <span class='ocrx_word' id='word_1_38' title='bbox 457 995 661 1059; x_wconf 89' lang='lat' dir='ltr'><strong>occidentali</strong></span> <span class='ocrx_word' id='word_1_39' title='bbox 678 996 783 1077; x_wconf 84' lang='lat' dir='ltr'>plaga</span> <span class='ocrx_word' id='word_1_40' title='bbox 797 995 966 1071; x_wconf 84' lang='lat' dir='ltr'><strong>Sealwde,</strong></span> <span class='ocrx_word' id='word_1_41' title='bbox 977 1015 1041 1058; x_wconf 89' lang='lat' dir='ltr'><strong>nec</strong></span> <span class='ocrx_word' id='word_1_42' title='bbox 1054 994 1167 1058; x_wconf 89' lang='lat' dir='ltr'><strong>solum</strong></span> 
     </span>
    </p>

    <p class='ocr_par' dir='ltr' id='par_1_4' title="bbox 212 1093 1169 1268">
     <span class='ocr_line' id='line_1_8' title="bbox 212 1093 1169 1176; baseline 0.003 -22"><span class='ocrx_word' id='word_1_43' title='bbox 212 1093 245 1154; x_wconf 92' lang='lat' dir='ltr'><strong>in</strong></span> <span class='ocrx_word' id='word_1_44' title='bbox 264 1094 421 1169; x_wconf 82' lang='lat' dir='ltr'><strong>australi,</strong></span> <span class='ocrx_word' id='word_1_45' title='bbox 439 1094 498 1157; x_wconf 92' lang='lat' dir='ltr'><strong>sed</strong></span> <span class='ocrx_word' id='word_1_46' title='bbox 523 1105 557 1157; x_wconf 90' lang='lat' dir='ltr'><strong>et</strong></span> <span class='ocrx_word' id='word_1_47' title='bbox 570 1095 605 1157; x_wconf 94' lang='lat' dir='ltr'><strong>in</strong></span> <span class='ocrx_word' id='word_1_48' title='bbox 622 1094 882 1175; x_wconf 85' lang='lat' dir='ltr'><strong>septentrionali</strong></span> <span class='ocrx_word' id='word_1_49' title='bbox 897 1094 1003 1176; x_wconf 82' lang='lat' dir='ltr'><strong>plaga</strong></span> <span class='ocrx_word' id='word_1_50' title='bbox 1018 1093 1169 1157; x_wconf 89' lang='lat' dir='ltr'><strong>fluminis</strong></span> 
     </span>
     <span class='ocr_line' id='line_1_9' title="bbox 213 1190 1168 1268; baseline 0.001 -16"><span class='ocrx_word' id='word_1_51' title='bbox 213 1190 396 1254; x_wconf 88' lang='lat' dir='ltr'><strong>Taruensis</strong></span> <span class='ocrx_word' id='word_1_52' title='bbox 428 1194 665 1268; x_wconf 89' lang='lat' dir='ltr'><strong>constituerat,</strong></span> <span class='ocrx_word' id='word_1_53' title='bbox 689 1212 758 1256; x_wconf 90' lang='lat' dir='ltr'><strong>non</strong></span> <span class='ocrx_word' id='word_1_54' title='bbox 784 1192 942 1266; x_wconf 86' lang='lat' dir='ltr'><strong>serentes,</strong></span> <span class='ocrx_word' id='word_1_55' title='bbox 971 1192 1007 1252; x_wconf 91' lang='lat' dir='ltr'><strong>in</strong></span> <span class='ocrx_word' id='word_1_56' title='bbox 1034 1192 1168 1255; x_wconf 90' lang='lat' dir='ltr'><strong>bostem</strong></span> 
     </span>
    </p>

    <p class='ocr_par' dir='ltr' id='par_1_5' title="bbox 215 1288 1167 1370">
     <span class='ocr_line' id='line_1_10' title="bbox 215 1288 1167 1370; baseline 0.004 -22"><span class='ocrx_word' id='word_1_57' title='bbox 215 1288 306 1352; x_wconf 88' lang='lat' dir='ltr'><strong>haud</strong></span> <span class='ocrx_word' id='word_1_58' title='bbox 343 1290 513 1353; x_wconf 90' lang='lat' dir='ltr'><strong>modicum</strong></span> <span class='ocrx_word' id='word_1_59' title='bbox 545 1301 758 1370; x_wconf 89' lang='lat' dir='ltr'><strong>congregant</strong></span> <span class='ocrx_word' id='word_1_60' title='bbox 789 1291 991 1363; x_wconf 86' lang='lat' dir='ltr'><strong>exercitum,</strong></span> <span class='ocrx_word' id='word_1_61' title='bbox 1027 1289 1167 1352; x_wconf 89' lang='lat' dir='ltr'><strong>Waleu-</strong></span> 
     </span>
    </p>

    <p class='ocr_par' dir='ltr' id='par_1_6' title="bbox 212 1387 1333 1762">
     <span class='ocr_line' id='line_1_11' title="bbox 213 1387 1167 1468; baseline 0 -20"><span class='ocrx_word' id='word_1_62' title='bbox 213 1387 321 1462; x_wconf 88' lang='lat' dir='ltr'><strong>sibus,</strong></span> <span class='ocrx_word' id='word_1_63' title='bbox 340 1388 401 1468; x_wconf 94' lang='lat' dir='ltr'><strong>qui</strong></span> <span class='ocrx_word' id='word_1_64' title='bbox 417 1388 665 1451; x_wconf 88' lang='lat' dir='ltr'><strong>occidentalem</strong></span> <span class='ocrx_word' id='word_1_65' title='bbox 688 1387 842 1451; x_wconf 87' lang='lat' dir='ltr'><strong>Sabrinac</strong></span> <span class='ocrx_word' id='word_1_66' title='bbox 868 1387 1007 1468; x_wconf 81' lang='lat' dir='ltr'><strong>plagam</strong></span> <span class='ocrx_word' id='word_1_67' title='bbox 1032 1387 1167 1450; x_wconf 91' lang='lat' dir='ltr'><strong>inhabi-</strong></span> 
     </span>
     <span class='ocr_line' id='line_1_12' title="bbox 214 1485 1333 1565; baseline 0.004 -19"><span class='ocrx_word' id='word_1_68' title='bbox 214 1486 350 1558; x_wconf 87' lang='lat' dir='ltr'><strong>tabant,</strong></span> <span class='ocrx_word' id='word_1_69' title='bbox 366 1487 432 1549; x_wconf 92' lang='lat' dir='ltr'><strong>sibi</strong></span> <span class='ocrx_word' id='word_1_70' title='bbox 455 1487 489 1548; x_wconf 91' lang='lat' dir='ltr'><strong>iu</strong></span> <span class='ocrx_word' id='word_1_71' title='bbox 512 1486 681 1549; x_wconf 84' lang='lat' dir='ltr'><strong>auxilium</strong></span> <span class='ocrx_word' id='word_1_72' title='bbox 702 1487 970 1551; x_wconf 87' lang='lat' dir='ltr'><strong>occurrentibus.</strong></span> <span class='ocrx_word' id='word_1_73' title='bbox 1019 1485 1333 1565; x_wconf 61' lang='lat' dir='ltr'><strong>Congrio-nermo-</strong></span> 
     </span>
     <span class='ocr_line' id='line_1_13' title="bbox 213 1553 1319 1664; baseline -0.005 -20"><span class='ocrx_word' id='word_1_74' title='bbox 213 1583 285 1645; x_wconf 92' lang='lat' dir='ltr'><strong>bati</strong></span> <span class='ocrx_word' id='word_1_75' title='bbox 300 1583 419 1664; x_wconf 90' lang='lat' dir='ltr'><strong>itaque</strong></span> <span class='ocrx_word' id='word_1_76' title='bbox 445 1585 479 1646; x_wconf 89' lang='lat' dir='ltr'><strong>in</strong></span> <span class='ocrx_word' id='word_1_77' title='bbox 505 1605 622 1660; x_wconf 90' lang='lat' dir='ltr'><strong>uuum,</strong></span> <span class='ocrx_word' id='word_1_78' title='bbox 650 1584 781 1647; x_wconf 90' lang='lat' dir='ltr'><strong>hostem</strong></span> <span class='ocrx_word' id='word_1_79' title='bbox 808 1586 939 1647; x_wconf 90' lang='lat' dir='ltr'><strong>vadunt</strong></span> <span class='ocrx_word' id='word_1_80' title='bbox 962 1586 1167 1659; x_wconf 90' lang='lat' dir='ltr'><strong>insecutum,</strong></span> <span class='ocrx_word' id='word_1_81' title='bbox 1181 1553 1319 1650; x_wconf 54' lang='lat' dir='ltr'><strong>bibliis.</strong></span> 
     </span>
     <span class='ocr_line' id='line_1_14' title="bbox 212 1681 1168 1762; baseline -0.001 -19"><span class='ocrx_word' id='word_1_82' title='bbox 212 1700 316 1761; x_wconf 91' lang='lat' dir='ltr'><strong>quem</strong></span> <span class='ocrx_word' id='word_1_83' title='bbox 334 1681 426 1760; x_wconf 90' lang='lat' dir='ltr'><strong>apud</strong></span> <span class='ocrx_word' id='word_1_84' title='bbox 447 1682 658 1760; x_wconf 89' lang='lat' dir='ltr'><strong>Buttingtun</strong></span> <span class='ocrx_word' id='word_1_85' title='bbox 681 1683 716 1744; x_wconf 92' lang='lat' dir='ltr'><strong>in</strong></span> <span class='ocrx_word' id='word_1_86' title='bbox 738 1683 814 1762; x_wconf 89' lang='lat' dir='ltr'><strong>ripa</strong></span> <span class='ocrx_word' id='word_1_87' title='bbox 837 1681 994 1743; x_wconf 73' lang='lat' dir='ltr'><strong>Sabi-inae</strong></span> <span class='ocrx_word' id='word_1_88' title='bbox 1018 1681 1168 1743; x_wconf 86' lang='lat' dir='ltr'><strong>fluminis</strong></span> 
     </span>
    </p>

    <p class='ocr_par' dir='ltr' id='par_1_7' title="bbox 214 1778 1170 2152">
     <span class='ocr_line' id='line_1_15' title="bbox 214 1778 1169 1860; baseline 0 -19"><span class='ocrx_word' id='word_1_89' title='bbox 214 1779 315 1841; x_wconf 88' lang='lat' dir='ltr'><strong>sitam</strong></span> <span class='ocrx_word' id='word_1_90' title='bbox 331 1779 674 1860; x_wconf 90' lang='lat' dir='ltr'><strong>comprehenderunt,</strong></span> <span class='ocrx_word' id='word_1_91' title='bbox 692 1786 726 1842; x_wconf 91' lang='lat' dir='ltr'><strong>et</strong></span> <span class='ocrx_word' id='word_1_92' title='bbox 742 1797 823 1841; x_wconf 88' lang='lat' dir='ltr'><strong>mox</strong></span> <span class='ocrx_word' id='word_1_93' title='bbox 842 1779 877 1841; x_wconf 92' lang='lat' dir='ltr'><strong>in</strong></span> <span class='ocrx_word' id='word_1_94' title='bbox 891 1798 995 1859; x_wconf 91' lang='lat' dir='ltr'><strong>quam</strong></span> <span class='ocrx_word' id='word_1_95' title='bbox 1008 1778 1169 1858; x_wconf 82' lang='lat' dir='ltr'><strong>fugerant</strong></span> 
     </span>
     <span class='ocr_line' id='line_1_16' title="bbox 215 1877 1169 1959; baseline 0.003 -22"><span class='ocrx_word' id='word_1_96' title='bbox 215 1878 440 1940; x_wconf 89' lang='lat' dir='ltr'><strong>munitionem</strong></span> <span class='ocrx_word' id='word_1_97' title='bbox 472 1897 517 1940; x_wconf 85' lang='lat' dir='ltr'><strong>ex</strong></span> <span class='ocrx_word' id='word_1_98' title='bbox 554 1886 701 1958; x_wconf 88' lang='lat' dir='ltr'><strong>utraque</strong></span> <span class='ocrx_word' id='word_1_99' title='bbox 736 1887 833 1959; x_wconf 89' lang='lat' dir='ltr'><strong>parte</strong></span> <span class='ocrx_word' id='word_1_100' title='bbox 866 1877 976 1940; x_wconf 88' lang='lat' dir='ltr'><strong>amnis</strong></span> <span class='ocrx_word' id='word_1_101' title='bbox 1012 1878 1169 1940; x_wconf 88' lang='lat' dir='ltr'><strong>obsidere</strong></span> 
     </span>
     <span class='ocr_line' id='line_1_17' title="bbox 214 1974 1168 2056; baseline 0.001 -21"><span class='ocrx_word' id='word_1_102' title='bbox 214 1983 403 2055; x_wconf 90' lang='lat' dir='ltr'><strong>coeperunt.</strong></span> <span class='ocrx_word' id='word_1_103' title='bbox 458 1974 580 2038; x_wconf 89' lang='lat' dir='ltr'><strong>Multis</strong></span> <span class='ocrx_word' id='word_1_104' title='bbox 592 1983 708 2038; x_wconf 89' lang='lat' dir='ltr'><strong>autem</strong></span> <span class='ocrx_word' id='word_1_105' title='bbox 722 1976 869 2056; x_wconf 89' lang='lat' dir='ltr'><strong>peractis</strong></span> <span class='ocrx_word' id='word_1_106' title='bbox 886 1975 1168 2049; x_wconf 90' lang='lat' dir='ltr'><strong>bebdomadibus,</strong></span> 
     </span>
     <span class='ocr_line' id='line_1_18' title="bbox 215 2071 1170 2152; baseline -0.001 -18"><span class='ocrx_word' id='word_1_107' title='bbox 215 2071 440 2152; x_wconf 89' lang='lat' dir='ltr'><strong>Paganorum</strong></span> <span class='ocrx_word' id='word_1_108' title='bbox 482 2072 623 2152; x_wconf 89' lang='lat' dir='ltr'><strong>quidam</strong></span> <span class='ocrx_word' id='word_1_109' title='bbox 665 2073 755 2134; x_wconf 84' lang='lat' dir='ltr'><strong>same</strong></span> <span class='ocrx_word' id='word_1_110' title='bbox 793 2073 996 2145; x_wconf 90' lang='lat' dir='ltr'><strong>moriuntur,</strong></span> <span class='ocrx_word' id='word_1_111' title='bbox 1031 2072 1170 2152; x_wconf 92' lang='lat' dir='ltr'><strong>quidam</strong></span> 
     </span>
    </p>

    <p class='ocr_par' dir='ltr' id='par_1_8' title="bbox 214 2169 1172 2636">
     <span class='ocr_line' id='line_1_19' title="bbox 214 2169 1170 2252; baseline -0.001 -20"><span class='ocrx_word' id='word_1_112' title='bbox 214 2189 308 2245; x_wconf 91' lang='lat' dir='ltr'><strong>vero,</strong></span> <span class='ocrx_word' id='word_1_113' title='bbox 326 2170 424 2252; x_wconf 89' lang='lat' dir='ltr'><strong>equis</strong></span> <span class='ocrx_word' id='word_1_114' title='bbox 438 2169 513 2252; x_wconf 91' lang='lat' dir='ltr'><strong>jam</strong></span> <span class='ocrx_word' id='word_1_115' title='bbox 536 2170 710 2247; x_wconf 89' lang='lat' dir='ltr'><strong>comestis,</strong></span> <span class='ocrx_word' id='word_1_116' title='bbox 726 2170 916 2233; x_wconf 91' lang='lat' dir='ltr'><strong>munitione</strong></span> <span class='ocrx_word' id='word_1_117' title='bbox 938 2177 1170 2250; x_wconf 63' lang='lat' dir='ltr'><strong>erumpentes</strong></span> 
     </span>
     <span class='ocr_line' id='line_1_20' title="bbox 217 2267 1171 2349; baseline 0 -19"><span class='ocrx_word' id='word_1_118' title='bbox 217 2268 380 2331; x_wconf 89' lang='lat' dir='ltr'><strong>cumillis</strong></span> <span class='ocrx_word' id='word_1_119' title='bbox 404 2269 465 2349; x_wconf 93' lang='lat' dir='ltr'><strong>qui</strong></span> <span class='ocrx_word' id='word_1_120' title='bbox 498 2268 534 2331; x_wconf 93' lang='lat' dir='ltr'><strong>in</strong></span> <span class='ocrx_word' id='word_1_121' title='bbox 564 2269 724 2332; x_wconf 86' lang='lat' dir='ltr'><strong>orientali</strong></span> <span class='ocrx_word' id='word_1_122' title='bbox 755 2275 853 2349; x_wconf 90' lang='lat' dir='ltr'><strong>parte</strong></span> <span class='ocrx_word' id='word_1_123' title='bbox 882 2267 1032 2330; x_wconf 90' lang='lat' dir='ltr'><strong>fluminis</strong></span> <span class='ocrx_word' id='word_1_124' title='bbox 1060 2275 1171 2343; x_wconf 89' lang='lat' dir='ltr'><strong>erant,</strong></span> 
     </span>
     <span class='ocr_line' id='line_1_21' title="bbox 215 2365 1171 2446; baseline 0 -19"><span class='ocrx_word' id='word_1_125' title='bbox 215 2365 379 2445; x_wconf 88' lang='lat' dir='ltr'><strong>proelium</strong></span> <span class='ocrx_word' id='word_1_126' title='bbox 414 2367 653 2439; x_wconf 86' lang='lat' dir='ltr'><strong>committunt;</strong></span> <span class='ocrx_word' id='word_1_127' title='bbox 698 2367 757 2429; x_wconf 88' lang='lat' dir='ltr'><strong>sed</strong></span> <span class='ocrx_word' id='word_1_128' title='bbox 791 2367 910 2429; x_wconf 87' lang='lat' dir='ltr'><strong>multis</strong></span> <span class='ocrx_word' id='word_1_129' title='bbox 947 2367 1171 2446; x_wconf 84' lang='lat' dir='ltr'><strong>Paganorum</strong></span> 
     </span>
     <span class='ocr_line' id='line_1_22' title="bbox 216 2462 1172 2545; baseline -0.001 -20"><span class='ocrx_word' id='word_1_130' title='bbox 216 2462 368 2526; x_wconf 90' lang='lat' dir='ltr'><strong>millibus</strong></span> <span class='ocrx_word' id='word_1_131' title='bbox 406 2464 518 2539; x_wconf 88' lang='lat' dir='ltr'><strong>caesis,</strong></span> <span class='ocrx_word' id='word_1_132' title='bbox 550 2463 753 2545; x_wconf 86' lang='lat' dir='ltr'><strong>caeterisque</strong></span> <span class='ocrx_word' id='word_1_133' title='bbox 790 2464 948 2528; x_wconf 87' lang='lat' dir='ltr'><strong>omnibus</strong></span> <span class='ocrx_word' id='word_1_134' title='bbox 980 2465 1016 2525; x_wconf 91' lang='lat' dir='ltr'><strong>in</strong></span> <span class='ocrx_word' id='word_1_135' title='bbox 1052 2464 1172 2542; x_wconf 82' lang='lat' dir='ltr'><strong>sugam</strong></span> 
     </span>
     <span class='ocr_line' id='line_1_23' title="bbox 217 2560 1172 2636; baseline -0.002 -12"><span class='ocrx_word' id='word_1_136' title='bbox 217 2562 338 2636; x_wconf 76' lang='lat' dir='ltr'><strong>versiS,</strong></span> <span class='ocrx_word' id='word_1_137' title='bbox 372 2560 562 2623; x_wconf 87' lang='lat' dir='ltr'><strong>Christiani</strong></span> <span class='ocrx_word' id='word_1_138' title='bbox 592 2561 670 2624; x_wconf 90' lang='lat' dir='ltr'><strong>loco</strong></span> <span class='ocrx_word' id='word_1_139' title='bbox 701 2562 830 2624; x_wconf 88' lang='lat' dir='ltr'><strong>funeris</strong></span> <span class='ocrx_word' id='word_1_140' title='bbox 861 2562 1100 2624; x_wconf 89' lang='lat' dir='ltr'><strong>dominantur:</strong></span> <span class='ocrx_word' id='word_1_141' title='bbox 1135 2561 1172 2622; x_wconf 91' lang='lat' dir='ltr'><strong>in</strong></span> 
     </span>
    </p>

    <p class='ocr_par' dir='ltr' id='par_1_9' title="bbox 215 2657 1330 3425">
     <span class='ocr_line' id='line_1_24' title="bbox 215 2657 1172 2740; baseline -0.002 -18"><span class='ocrx_word' id='word_1_142' title='bbox 215 2677 286 2739; x_wconf 88' lang='lat' dir='ltr'><strong>qua</strong></span> <span class='ocrx_word' id='word_1_143' title='bbox 319 2678 439 2740; x_wconf 86' lang='lat' dir='ltr'><strong>pugna</strong></span> <span class='ocrx_word' id='word_1_144' title='bbox 477 2657 615 2722; x_wconf 89' lang='lat' dir='ltr'><strong>Ordeah</strong></span> <span class='ocrx_word' id='word_1_145' title='bbox 651 2658 896 2736; x_wconf 89' lang='lat' dir='ltr'><strong>nobilissimus,</strong></span> <span class='ocrx_word' id='word_1_146' title='bbox 925 2658 1094 2739; x_wconf 90' lang='lat' dir='ltr'><strong>multique</strong></span> <span class='ocrx_word' id='word_1_147' title='bbox 1130 2657 1172 2720; x_wconf 95' lang='lat' dir='ltr'><strong>de</strong></span> 
     </span>
     <span class='ocr_line' id='line_1_25' title="bbox 217 2755 1330 2858; baseline -0.002 -40"><span class='ocrx_word' id='word_1_148' title='bbox 217 2756 384 2819; x_wconf 87' lang='lat' dir='ltr'><strong>ministris</strong></span> <span class='ocrx_word' id='word_1_149' title='bbox 400 2757 493 2836; x_wconf 90' lang='lat' dir='ltr'><strong>regis</strong></span> <span class='ocrx_word' id='word_1_150' title='bbox 508 2756 612 2819; x_wconf 88' lang='lat' dir='ltr'><strong>occisi</strong></span> <span class='ocrx_word' id='word_1_151' title='bbox 634 2765 727 2821; x_wconf 87' lang='lat' dir='ltr'><strong>sunt.</strong></span> <span class='ocrx_word' id='word_1_152' title='bbox 779 2757 936 2837; x_wconf 87' lang='lat' dir='ltr'><strong>Cumque</strong></span> <span class='ocrx_word' id='word_1_153' title='bbox 955 2756 1091 2836; x_wconf 84' lang='lat' dir='ltr'><strong>Pagani</strong></span> <span class='ocrx_word' id='word_1_154' title='bbox 1114 2755 1174 2836; x_wconf 94' lang='lat' dir='ltr'><strong>qui</strong></span> <span class='ocrx_word' id='word_1_155' title='bbox 1185 2771 1251 2858; x_wconf 63' lang='lat' dir='ltr'><strong>riq¹</strong></span> <span class='ocrx_word' id='word_1_156' title='bbox 1254 2769 1330 2810; x_wconf 75' lang='lat' dir='ltr'><strong>collect</strong></span> 
     </span>
     <span class='ocr_line' id='line_1_26' title="bbox 218 2831 1275 2939; baseline 0 -21"><span class='ocrx_word' id='word_1_157' title='bbox 218 2854 440 2934; x_wconf 82' lang='lat' dir='ltr'><strong>aufugerant,</strong></span> <span class='ocrx_word' id='word_1_158' title='bbox 456 2853 748 2917; x_wconf 82' lang='lat' dir='ltr'><strong>East-Saxoniam</strong></span> <span class='ocrx_word' id='word_1_159' title='bbox 766 2855 905 2929; x_wconf 91' lang='lat' dir='ltr'><strong>reversi,</strong></span> <span class='ocrx_word' id='word_1_160' title='bbox 925 2854 967 2939; x_wconf 83' lang='lat' dir='ltr'><strong>ad</strong></span> <span class='ocrx_word' id='word_1_161' title='bbox 993 2872 1075 2916; x_wconf 88' lang='lat' dir='ltr'><strong>suas</strong></span> <span class='ocrx_word' id='word_1_162' title='bbox 1098 2873 1172 2914; x_wconf 90' lang='lat' dir='ltr'><strong>mu·</strong></span> <span class='ocrx_word' id='word_1_163' title='bbox 1185 2831 1275 2918; x_wconf 48' lang='lat' dir='ltr'><strong>libau</strong></span> 
     </span>
     <span class='ocr_line' id='line_1_27' title="bbox 216 2951 1269 3033; baseline -0.004 -17"><span class='ocrx_word' id='word_1_164' title='bbox 216 2953 365 3016; x_wconf 87' lang='lat' dir='ltr'><strong>uitiones</strong></span> <span class='ocrx_word' id='word_1_165' title='bbox 381 2959 416 3014; x_wconf 91' lang='lat' dir='ltr'><strong>et</strong></span> <span class='ocrx_word' id='word_1_166' title='bbox 442 2951 486 3014; x_wconf 86' lang='lat' dir='ltr'><strong>ad</strong></span> <span class='ocrx_word' id='word_1_167' title='bbox 500 2970 607 3015; x_wconf 83' lang='lat' dir='ltr'><strong>naves</strong></span> <span class='ocrx_word' id='word_1_168' title='bbox 621 2952 809 3027; x_wconf 87' lang='lat' dir='ltr'><strong>venissent,</strong></span> <span class='ocrx_word' id='word_1_169' title='bbox 827 2952 937 3014; x_wconf 92' lang='lat' dir='ltr'><strong>hieme</strong></span> <span class='ocrx_word' id='word_1_170' title='bbox 950 2951 1024 3033; x_wconf 87' lang='lat' dir='ltr'><strong>jam</strong></span> <span class='ocrx_word' id='word_1_171' title='bbox 1040 2951 1172 3013; x_wconf 90' lang='lat' dir='ltr'><strong>incum-</strong></span> <span class='ocrx_word' id='word_1_172' title='bbox 1266 2995 1269 3002; x_wconf 79' lang='lat'><em>·</em></span> 
     </span>
     <span class='ocr_line' id='line_1_28' title="bbox 219 3047 1173 3130; baseline -0.004 -17"><span class='ocrx_word' id='word_1_173' title='bbox 219 3053 329 3125; x_wconf 84' lang='lat' dir='ltr'><strong>beate,</strong></span> <span class='ocrx_word' id='word_1_174' title='bbox 346 3070 511 3130; x_wconf 89' lang='lat' dir='ltr'><strong>magnum</strong></span> <span class='ocrx_word' id='word_1_175' title='bbox 533 3069 653 3113; x_wconf 90' lang='lat' dir='ltr'><strong>rursus</strong></span> <span class='ocrx_word' id='word_1_176' title='bbox 677 3049 718 3112; x_wconf 91' lang='lat' dir='ltr'><strong>de</strong></span> <span class='ocrx_word' id='word_1_177' title='bbox 740 3048 976 3130; x_wconf 86' lang='lat' dir='ltr'><strong>East-Anglia</strong></span> <span class='ocrx_word' id='word_1_178' title='bbox 991 3056 1025 3111; x_wconf 93' lang='lat' dir='ltr'><strong>et</strong></span> <span class='ocrx_word' id='word_1_179' title='bbox 1041 3047 1173 3111; x_wconf 91' lang='lat' dir='ltr'><strong>North-</strong></span> 
     </span>
     <span class='ocr_line' id='line_1_29' title="bbox 218 3146 1174 3229; baseline -0.002 -19"><span class='ocrx_word' id='word_1_180' title='bbox 218 3149 377 3229; x_wconf 90' lang='lat' dir='ltr'><strong>hymbria</strong></span> <span class='ocrx_word' id='word_1_181' title='bbox 395 3149 586 3210; x_wconf 88' lang='lat' dir='ltr'><strong>exercitum</strong></span> <span class='ocrx_word' id='word_1_182' title='bbox 601 3155 835 3227; x_wconf 88' lang='lat' dir='ltr'><strong>congregant;</strong></span> <span class='ocrx_word' id='word_1_183' title='bbox 859 3146 1174 3225; x_wconf 88' lang='lat' dir='ltr'><strong>commendatisque</strong></span> 
     </span>
     <span class='ocr_line' id='line_1_30' title="bbox 216 3243 1173 3327; baseline -0.004 -18"><span class='ocrx_word' id='word_1_184' title='bbox 216 3247 400 3322; x_wconf 74' lang='lat' dir='ltr'><strong>uxoribuS,</strong></span> <span class='ocrx_word' id='word_1_185' title='bbox 432 3246 587 3327; x_wconf 88' lang='lat' dir='ltr'><strong>pecunia,</strong></span> <span class='ocrx_word' id='word_1_186' title='bbox 633 3246 847 3325; x_wconf 87' lang='lat' dir='ltr'><strong>navibusque</strong></span> <span class='ocrx_word' id='word_1_187' title='bbox 880 3245 952 3307; x_wconf 89' lang='lat' dir='ltr'><strong>suis</strong></span> <span class='ocrx_word' id='word_1_188' title='bbox 990 3244 1025 3305; x_wconf 91' lang='lat' dir='ltr'><strong>in</strong></span> <span class='ocrx_word' id='word_1_189' title='bbox 1070 3243 1173 3306; x_wconf 88' lang='lat' dir='ltr'><strong>East·</strong></span> 
     </span>
     <span class='ocr_line' id='line_1_31' title="bbox 220 3341 1173 3425; baseline -0.007 -17"><span class='ocrx_word' id='word_1_190' title='bbox 220 3343 361 3425; x_wconf 84' lang='lat' dir='ltr'><strong>Anglia,</strong></span> <span class='ocrx_word' id='word_1_191' title='bbox 388 3343 586 3424; x_wconf 85' lang='lat' dir='ltr'><strong>relictisque</strong></span> <span class='ocrx_word' id='word_1_192' title='bbox 615 3343 874 3418; x_wconf 89' lang='lat' dir='ltr'><strong>munitionibus,</strong></span> <span class='ocrx_word' id='word_1_193' title='bbox 901 3344 974 3418; x_wconf 86' lang='lat' dir='ltr'><strong>sine</strong></span> <span class='ocrx_word' id='word_1_194' title='bbox 1002 3341 1173 3404; x_wconf 89' lang='lat' dir='ltr'><strong>intermis-</strong></span> 
     </span>
    </p>

    <p class='ocr_par' dir='ltr' id='par_1_10' title="bbox 218 3439 1330 3815">
     <span class='ocr_line' id='line_1_32' title="bbox 219 3439 1330 3544; baseline -0.01 -39"><span class='ocrx_word' id='word_1_195' title='bbox 219 3444 315 3505; x_wconf 91' lang='lat' dir='ltr'><strong>sione</strong></span> <span class='ocrx_word' id='word_1_196' title='bbox 344 3443 412 3505; x_wconf 91' lang='lat' dir='ltr'><strong>iter</strong></span> <span class='ocrx_word' id='word_1_197' title='bbox 440 3449 561 3522; x_wconf 89' lang='lat' dir='ltr'><strong>agunt,</strong></span> <span class='ocrx_word' id='word_1_198' title='bbox 588 3449 623 3504; x_wconf 92' lang='lat' dir='ltr'><strong>et</strong></span> <span class='ocrx_word' id='word_1_199' title='bbox 649 3441 834 3504; x_wconf 87' lang='lat' dir='ltr'><strong>Civitatem</strong></span> <span class='ocrx_word' id='word_1_200' title='bbox 864 3439 1067 3521; x_wconf 81' lang='lat' dir='ltr'><strong>Legionum,</strong></span> <span class='ocrx_word' id='word_1_201' title='bbox 1092 3447 1330 3544; x_wconf 54' lang='lat' dir='ltr'><strong>tunclg&#39;dcffll</strong></span> 
     </span>
     <span class='ocr_line' id='line_1_33' title="bbox 218 3531 1313 3620; baseline -0.006 -17"><span class='ocrx_word' id='word_1_202' title='bbox 218 3541 383 3620; x_wconf 91' lang='lat' dir='ltr'><strong>temporis</strong></span> <span class='ocrx_word' id='word_1_203' title='bbox 422 3540 605 3615; x_wconf 89' lang='lat' dir='ltr'><strong>desertam,</strong></span> <span class='ocrx_word' id='word_1_204' title='bbox 636 3557 715 3620; x_wconf 84' lang='lat' dir='ltr'><strong>quae</strong></span> <span class='ocrx_word' id='word_1_205' title='bbox 744 3538 915 3602; x_wconf 87' lang='lat' dir='ltr'><strong>Saxonice</strong></span> <span class='ocrx_word' id='word_1_206' title='bbox 948 3537 1176 3617; x_wconf 91' lang='lat' dir='ltr'><strong>Legeceaster</strong></span> <span class='ocrx_word' id='word_1_207' title='bbox 1307 3531 1313 3544; x_wconf 89' lang='lat'>&#39;</span> 
     </span>
     <span class='ocr_line' id='line_1_34' title="bbox 218 3633 1176 3718; baseline -0.008 -17"><span class='ocrx_word' id='word_1_208' title='bbox 218 3639 356 3712; x_wconf 88' lang='lat' dir='ltr'><strong>dicitur,</strong></span> <span class='ocrx_word' id='word_1_209' title='bbox 394 3638 596 3718; x_wconf 87' lang='lat' dir='ltr'><strong>priusquam</strong></span> <span class='ocrx_word' id='word_1_210' title='bbox 627 3638 719 3717; x_wconf 88' lang='lat' dir='ltr'><strong>regis</strong></span> <span class='ocrx_word' id='word_1_211' title='bbox 752 3637 898 3698; x_wconf 91' lang='lat' dir='ltr'><strong>AElsredi</strong></span> <span class='ocrx_word' id='word_1_212' title='bbox 927 3644 962 3699; x_wconf 92' lang='lat' dir='ltr'><strong>et</strong></span> <span class='ocrx_word' id='word_1_213' title='bbox 997 3633 1176 3696; x_wconf 89' lang='lat' dir='ltr'><strong>AEtheredi</strong></span> 
     </span>
     <span class='ocr_line' id='line_1_35' title="bbox 219 3734 1174 3815; baseline -0.009 -15"><span class='ocrx_word' id='word_1_214' title='bbox 219 3734 397 3815; x_wconf 89' lang='lat' dir='ltr'><strong>subreguli</strong></span> <span class='ocrx_word' id='word_1_215' title='bbox 413 3736 599 3809; x_wconf 82' lang='lat' dir='ltr'><strong>exercitae,</strong></span> <span class='ocrx_word' id='word_1_216' title='bbox 616 3736 676 3814; x_wconf 95' lang='lat' dir='ltr'><strong>qui</strong></span> <span class='ocrx_word' id='word_1_217' title='bbox 698 3734 776 3796; x_wconf 90' lang='lat' dir='ltr'><strong>illos</strong></span> <span class='ocrx_word' id='word_1_218' title='bbox 799 3735 976 3796; x_wconf 89' lang='lat' dir='ltr'><strong>insecutus</strong></span> <span class='ocrx_word' id='word_1_219' title='bbox 1000 3738 1063 3805; x_wconf 88' lang='lat' dir='ltr'><strong>est,</strong></span> <span class='ocrx_word' id='word_1_220' title='bbox 1080 3749 1174 3792; x_wconf 92' lang='lat' dir='ltr'><strong>asse-</strong></span> 
     </span>
    </p>
   </div>
   <div class='ocr_carea' id='block_1_3' title="bbox 219 3829 1174 3915">
    <p class='ocr_par' dir='ltr' id='par_1_11' title="bbox 219 3829 1174 3915">
     <span class='ocr_line' id='line_1_36' title="bbox 219 3829 1174 3915; baseline -0.01 -18"><span class='ocrx_word' id='word_1_221' title='bbox 219 3835 279 3914; x_wconf 89' lang='lat' dir='ltr'><strong>qui</strong></span> <span class='ocrx_word' id='word_1_222' title='bbox 301 3841 476 3915; x_wconf 88' lang='lat' dir='ltr'><strong>poterant,</strong></span> <span class='ocrx_word' id='word_1_223' title='bbox 506 3833 658 3894; x_wconf 85' lang='lat' dir='ltr'><strong>intrant:</strong></span> <span class='ocrx_word' id='word_1_224' title='bbox 686 3831 869 3893; x_wconf 88' lang='lat' dir='ltr'><strong>nonnullos</strong></span> <span class='ocrx_word' id='word_1_225' title='bbox 898 3838 1013 3892; x_wconf 91' lang='lat' dir='ltr'><strong>tamen</strong></span> <span class='ocrx_word' id='word_1_226' title='bbox 1037 3829 1174 3890; x_wconf 90' lang='lat' dir='ltr'><strong>illorum</strong></span> 
     </span>
    </p>
   </div>
   <div class='ocr_carea' id='block_1_4' title="bbox 601 4051 793 4102">
    <p class='ocr_par' dir='ltr' id='par_1_12' title="bbox 601 4051 793 4102">
     <span class='ocr_line' id='line_1_37' title="bbox 601 4051 793 4102; baseline 0 0"><span class='ocrx_word' id='word_1_227' title='bbox 601 4051 607 4080; x_wconf 85' lang='lat'><strong>¹</strong></span> <span class='ocrx_word' id='word_1_228' title='bbox 626 4054 680 4102; x_wconf 84' lang='lat' dir='ltr'><strong>The</strong></span> <span class='ocrx_word' id='word_1_229' title='bbox 694 4055 793 4102; x_wconf 85' lang='lat' dir='ltr'><strong>Parret.</strong></span> 
     </span>
    </p>
   </div>
   <div class='ocr_carea' id='block_1_5' title="bbox 0 0 1566 4770">
    <p class='ocr_par' dir='ltr' id='par_1_13' title="bbox 0 0 1566 4770">
     <span class='ocr_line' id='line_1_38' title="bbox 0 0 1566 4770; baseline 0 0"><span class='ocrx_word' id='word_1_230' title='bbox 0 0 1566 4770; x_wconf 95' lang='lat' dir='ltr'><strong> </strong></span> 
     </span>
    </p>
   </div>
  </div>
 </body>
</html>
