3098 4770
353 339 418 403 162
725 351 933 400 cunonrcon

355 509 432 580 buS,
459 524 529 568 non
552 504 626 567 sine
646 521 754 584 parvo
776 523 916 568 suorum
940 504 1156 577 detrimento,
1177 499 1305 582 repulsi

190 592 339 689 fflgssffl,
355 602 461 666 sunt.¹
513 602 690 666 Defuncto
715 600 894 666 Osbnhto²
918 601 1112 666 Saelesiensi
1132 599 1305 680 episcopo,

189 691 340 778 ἔξω·
355 701 522 764 successit
538 701 727 764 AElmarus.

203 812 229 850 A·
237 810 264 849 1³·
276 812 333 849 ¹⁰¹⁰·
400 797 617 863 Memoratus
631 799 809 862 Danorum
821 796 994 862 exercitus
1007 815 1123 859 mense
1136 795 1160 858 J
1163 792 1306 857 anuario

190 876 341 969 illidit,
355 898 503 960 navibus
519 897 713 971 exilientes,
729 913 791 976 per
807 894 935 958 saltum
950 895 1009 975 qui
1024 894 1148 957 dicitur
1163 891 1305 963 Ciltern,

356 994 617 1059 Oxenalordam
637 994 776 1067 adeunt,
793 1011 936 1073 eamque
953 993 1174 1055 devastantes
1189 989 1305 1050 inccn-

355 1093 455 1167 dnnt,
477 1100 513 1156 et
533 1093 583 1154 sic
603 1093 639 1153 in
661 1098 808 1170 utraque
833 1098 931 1171 parte
954 1088 1135 1152 Tamensis
1157 1085 1307 1148 fluminis

191 1204 297 1290 {perag
320 1260 326 1272 ·
355 1189 390 1250 in
407 1187 610 1251 revertendo
627 1187 780 1267 praedam
798 1194 918 1266 agunt.
971 1185 1199 1262 Quibuscum
1219 1201 1307 1244 nun-

216 1261 265 1290 ω’
291 1260 486 1347 ⁹⁸'.ciatum
517 1285 653 1359 suisset,
683 1285 872 1347 exercitum
909 1283 1073 1347 adversus
1102 1282 1181 1345 illos
1213 1280 1307 1342 Lun-

355 1383 467 1444 doniae
484 1390 746 1462 congregatum,
762 1390 796 1444 et
813 1382 954 1445 cumeis
971 1381 1131 1462 proelium
1146 1378 1306 1442 commis·

354 1498 487 1553 surum,
503 1498 585 1560 pars
606 1480 777 1542 exercitus
797 1499 859 1560 per
878 1478 1178 1559 septentrionalem
1196 1477 1306 1556 ripam

355 1578 559 1658 gradientis,
574 1579 609 1640 in
629 1577 706 1641 loco
730 1578 789 1658 qui
804 1578 930 1640 dicitur
950 1573 1069 1641 Stane³
1084 1575 1255 1650 transivit,
1271 1581 1307 1637 et

355 1679 391 1738 in
414 1696 520 1741 unum
543 1676 690 1751 collecti,
711 1676 905 1756 praedaeque
929 1678 1086 1739 ubertate
1112 1674 1223 1749 ditati,
1245 1692 1308 1754 per

356 1773 578 1852 Suthregiam
595 1774 640 1835 ad
662 1793 743 1835 suas
762 1773 970 1854 repedarunt
985 1792 1102 1847 naveS,
1118 1790 1205 1853 quas
1221 1778 1307 1832 tcm-

357 1887 440 1949 pore
457 1869 769 1947 Quadragcsimali,
783 1870 865 1930 dum
881 1869 1105 1930 consisterent
1116 1870 1152 1930 in
1169 1867 1307 1941 Cantia,

191 1979 275 2019 tando
356 1960 576 2029 refecerunt.⁴
613 1963 701 2027 Post
716 1964 853 2032 Pascha
871 1965 908 2046 [9
919 1965 1022 2046 Apu]
1039 1963 1307 2044 East-Angliam

192 2029 296 2078 Ipswlem

192 2128 297 2224 {iilum
306 2178 328 2213 n
357 2180 436 2229 cum
452 2160 512 2241 qui
527 2161 716 2239 Ringmere
730 2160 866 2235 dicitur,
878 2160 938 2223 ubi
952 2161 1074 2223 ducem
1090 2157 1306 2222 Ulfketelum

193 2225 321 2274 mum
357 2275 553 2336 cognovere
574 2275 652 2318 cum
671 2258 825 2319 exercitu
847 2257 1054 2331 consedisse,
1071 2263 1309 2338 perrexerunt,

357 2361 393 2416 et
413 2354 538 2415 durum
560 2370 638 2414 oum
656 2372 698 2416 eo
717 2353 889 2433 proelium,
909 2354 1011 2417 tertio
1034 2372 1143 2416 nonas
1166 2353 1255 2418 Maii
1271 2354 1309 2434 [5

357 2445 776 2531 Maii],commiser1mt;⁵
797 2451 858 2514 sed
881 2470 959 2513 cum
985 2469 1102 2531 pugna
1124 2451 1308 2513 vehemens
1384 2493 1387 2498 -

357 2557 460 2624 esset,
479 2546 691 2627 Eam-Angli
713 2555 813 2627 terga
829 2555 975 2622 vertere,
1000 2546 1152 2628 quodam·
1169 2548 1307 2611 Danico
1346 2596 1360 2621 ,Δ

356 2646 516 2708 ministro
542 2644 750 2726 Tur-kytelo,
774 2636 1044 2726 Myrenheafod⁶
1069 2652 1308 2725 cognomento,

349 2742 478 2823 ‘sugam
489 2742 649 2824 primitus
661 2743 861 2823 incipiente:
879 2762 998 2805 verum
1009 2741 1308 2824 Grantebryegen-

356 2859 413 2902 ses
427 2840 572 2903 viriliter
585 2846 777 2920 pugnantes
792 2840 851 2902 diu
865 2841 1076 2914 restiterunt,
1086 2841 1237 2920 victique
1249 2840 1308 2903 de-

357 2956 452 2999 mum
470 2937 645 3017 fugerunt.
698 2937 746 3000 In.
756 2956 797 3000 eo
811 2937 934 3019 proelio
949 2956 1055 3018 gener
1068 2937 1159 3016 regis
1175 2937 1309 3000 AEthel·

357 3044 492 3110 stanus,
504 3034 627 3096 nobilis
641 3035 795 3098 minister
805 3034 943 3098 Oswius
956 3055 1034 3098 eum
1048 3035 1131 3110 filio,
1141 3033 1308 3098 Wlfricus

358 3131 526 3194 Leofwini
542 3131 643 3209 filius,
662 3133 824 3195 Eadwius
841 3133 945 3196 AEfici
961 3133 1097 3214 praefati
1112 3151 1309 3212 germanus,

358 3236 394 3290 et
408 3229 510 3292 multi
527 3229 586 3291 alii
601 3229 732 3293 nobiles
750 3230 908 3306 ministri,
923 3229 1139 3310 populusque
1153 3231 1308 3291 innume-

357 3326 488 3400 rabilis,
502 3334 715 3390 corruerunt.
753 3328 846 3390 Dani
861 3346 954 3402 vero,
967 3327 1044 3390 loco
1057 3326 1185 3388 funeris
1201 3326 1309 3388 domi-

357 3423 443 3496 nati,
456 3422 724 3504 East·Angliam
738 3426 971 3499 obtinuerunt,
986 3432 1021 3486 et
1035 3425 1169 3504 equites
1185 3422 1310 3498 effecti,

392 3686 478 3738 *San
503 3689 606 3751 Chrom,
620 3693 667 3738 but
686 3707 753 3740 more
773 3693 822 3740 cir·
880 3693 890 3723 ³
912 3682 1110 3756 commiserunt]
1147 3694 1201 3742 The
1230 3694 1311 3744 Chro-

354 3759 613 3818 cumstcntiallythan
624 3760 754 3810 Florence.
844 3761 910 3809 nicle
934 3762 1006 3810 dates
1034 3762 1084 3810 this
1110 3763 1189 3811 battle
1213 3777 1244 3811 on
1267 3762 1309 3810 the

390 3827 400 3856 ²
421 3821 559 3894 Osbrihto]
587 3827 651 3876 This
661 3830 819 3888 isanerror3
843 3830 953 3878 ‘Prima
982 3831 1105 3880 Ascensio
1132 3830 1254 3890 Domini,’
1282 3845 1311 3878 or

353 3894 394 3942 his
405 3910 478 3943 nume
490 3910 544 3943 was
556 3895 687 3946 Ordbriht.
845 3898 903 3947 18th
915 3899 986 3958 May.

389 3959 400 3988 ³
416 3963 513 4024 Stane]
531 3963 640 4012 Staines.
878 3963 1093 4027 ‘Illyreulteosod.]
1109 3965 1310 4028 ‘Equaeeaput,'

389 4026 399 4056 ⁴
416 4030 478 4078 Sax.
491 4031 584 4081 Chron.
597 4047 620 4081 a.
635 4037 708 4081 1⁰09.
841 4048 960 4094 superscr.
973 4035 1004 4081 C.

193 2079 264 2117 retent
273 2079 311 2117 tho
357 2063 503 2139 advecti,
519 2071 555 2127 et
570 2081 679 2144 prope
690 2062 864 2144 Gipeswic
879 2064 1026 2126 navibus
1039 2062 1180 2142 egressi,
1196 2061 1241 2124 ad
1255 2060 1307 2123 lo·
1410 2063 1418 2070 '
