3098 4770
440 348 633 396 rnoanuru
659 346 935 394 wlooxmsusis.
1122 331 1164 395 13

215 511 316 566 sexto
339 504 473 584 imperii
497 505 563 578 sui,
581 504 743 567 vicesimo
766 504 874 584 primo
896 521 986 566 anno
1011 512 1166 585 acceptae

215 601 306 676 fidei,
325 603 379 665 die
403 602 565 666 vicesimo
582 610 707 683 quarto
729 601 853 665 mensis
874 601 1063 677 Februarii,
1081 621 1163 664 con-

215 703 348 763 scendit
360 702 457 781 regui
469 701 620 764 coelestis
636 701 779 780 gaudia;
798 700 852 762 cui
864 699 1060 762 Eadbaldus
1070 699 1162 763 silius

214 799 493 873 suussuccessit;
509 798 868 862 verumfidemCliristi
878 816 946 861 non
958 800 1065 860 solum
1077 799 1162 861 reci·

215 916 296 977 pere
310 898 434 973 noluit,
447 898 508 961 sed
524 907 560 961 et
577 898 686 979 patris
698 916 842 961 uxorem
855 897 920 958 sibi
937 898 971 958 in
987 897 1163 960 matrinro-
1215 956 1217 960 ,

214 995 309 1057 nium
324 995 492 1060 sociavit.¹
531 995 611 1060 Rex
625 996 850 1075 Orientalium
862 993 1052 1075 Anglorum
1069 994 1162 1058 Red-
1175 1010 1327 1101 glaream·

215 1094 306 1156 wald
317 1094 782 1170 AEthelfrithum,Deirorum
794 1094 1097 1174 Berniciorumque
1109 1112 1161 1156 re·
1174 1109 1284 1198 mn„

216 1211 306 1271 gem,
329 1193 455 1257 occidit
476 1195 511 1256 in
539 1193 628 1255 bello
644 1193 750 1275 juxta
776 1211 909 1255 amnem
937 1192 996 1272 qui
1018 1201 1163 1256 vocatur

217 1289 320 1366 Idle,²
333 1293 389 1355 cui
403 1292 558 1367 Edwine,
564 1292 671 1374 juxta
682 1291 856 1356 oraculum
868 1291 959 1371 quod
970 1298 1163 1371 acceperat,

215 1391 394 1465 successit,
425 1398 461 1452 et
491 1399 624 1471 septem
659 1390 748 1453 filios
772 1389 984 1452 AEthelfrithi
1017 1390 1161 1470 expulit.

216 1485 374 1550 Saeberht
398 1507 460 1550 rex
479 1487 705 1550 Orientalium
721 1487 896 1549 Saxonum
919 1505 1023 1566 regna
1043 1494 1162 1566 petens
1175 1499 1279 1587 petrea

1189 1550 1270 1588 aberht

216 1586 390 1665 perennia,
414 1595 484 1650 tres
508 1585 596 1649 filios
620 1606 714 1662 suos,
731 1585 790 1667 qui
813 1585 938 1667 pagani
956 1584 1260 1666 perdurare-noos

1175 1648 1255 1690 Essem

215 1692 306 1760 rant,
321 1686 419 1766 regni
439 1686 639 1766 temporalis
655 1684 806 1748 haeredes
825 1683 982 1765 reliquit;
1007 1685 1066 1763 qui
1081 1704 1163 1747 mox
1175 1697 1331 1736 memnonos

1176 1747 1209 1785 his
1218 1758 1280 1792 sonu

214 1781 422 1847 idololatriae
451 1784 565 1865 palam
597 1785 725 1846 servire
753 1801 899 1861 coepere,
926 1788 960 1843 et
990 1780 1288 1845 Mellitumexruuion

1175 1846 1218 1883 and
1226 1845 1290 1884 recall
1298 1846 1323 1884 ol

216 1881 417 1961 episcopum
453 1882 643 1945 Lundoniae
676 1881 719 1943 de
751 1899 814 1942 suo
848 1898 954 1959 regno
986 1879 1162 1959 expulere.
1175 1894 1327 1984 Ἥκω

1253 1971 1259 1992 .

217 1977 300 2058 Ipse
316 1998 398 2042 vero
416 1980 576 2043 (lantiam
594 1979 701 2056 venit,
718 1985 765 2055 et,
782 1977 900 2041 habito
922 1977 1061 2041 consilio
1084 1997 1163 2041 cum

216 2076 404 2140 Laurentio
430 2077 701 2159 archiepiscopo,
727 2076 771 2139 ad
797 2088 912 2158 partes
935 2075 1059 2139 Galliae
1085 2095 1164 2140 cum

215 2174 239 2239 J
242 2184 321 2239 usto
337 2175 502 2239 Hrolensi
517 2176 680 2259 episcopo
694 2175 845 2238 secessit.
889 2172 957 2237 Sed
972 2194 1040 2237 non
1054 2175 1164 2240 multo

215 2282 371 2355 tempore
397 2295 509 2356 regeS,
527 2275 586 2356 qui
608 2294 631 2338 a
652 2293 690 2337 se
710 2273 864 2337 veritatis
886 2291 1077 2354 praeconem
1100 2293 1163 2338 ex-

215 2373 345 2453 pulere,
387 2373 585 2436 daemonicis
623 2373 771 2436 cultibus
807 2371 947 2452 impune
990 2372 1160 2449 serviere3

215 2473 296 2534 nam
320 2471 451 2551 egressi
469 2473 591 2534 contra
607 2479 743 2552 gentem
761 2470 993 2533 Gewissorum
1014 2472 1050 2532 in
1068 2489 1162 2550 proe-
1250 2467 1265 2479 ’

214 2569 312 2646 lium,
341 2589 461 2634 omues
490 2570 619 2651 pariter
649 2571 727 2632 cum
757 2587 821 2632 sua
847 2564 971 2630 militia
993 2570 1162 2644 corruere.

218 2667 305 2731 Cum
337 2687 420 2732 vero
450 2675 486 2730 et
514 2668 722 2731 Laurentius
751 2666 923 2731 Mellitum
952 2665 975 2730 J
978 2663 1162 2752 astumque

216 2774 308 2830 'esset
322 2773 545 2848 sequuturae,
563 2767 639 2846 ipsa
654 2773 754 2829 nocte
772 2762 934 2845 apparuit
950 2765 981 2827 ei
1002 2765 1161 2846 princeps
1203 2798 1206 2804 ·

216 2863 466 2946 Apostolorum
501 2863 640 2940 Petrus,
671 2864 836 2943 illumque
870 2862 1016 2942 flagellis
1047 2864 1163 2927 affecit

216 2965 413 3026 artioribus.
467 2963 573 3026 Mane
595 2971 711 3026 autern
736 2958 840 3037 facto,
864 2960 908 3023 ad
933 2980 1047 3041 regem
1071 2962 1163 3024 Ead-

115 3122 118 3128 .
216 3062 356 3124 baldum
381 3062 489 3137 venit,
515 3070 551 3125 et
572 3062 712 3142 quantis
738 3059 936 3122 verberibus
962 3067 1052 3122 esset
1073 3061 1163 3123 lace·

216 3168 314 3222 ratus
332 3160 493 3223 ostendit.
548 3158 651 3237 Quod
666 3167 706 3222 ut
723 3158 818 3233 vidit,
834 3158 978 3221 multum
993 3159 1164 3233 extimuit,

217 3278 352 3321 omnem
381 3258 552 3321 idolatriae
581 3259 711 3321 cultum
741 3256 1054 3330 anathematizavit,
1083 3275 1165 3320 con·

217 3359 359 3420 nubium
386 3377 455 3420 non
477 3357 669 3438 legitimum
695 3355 878 3430 abdicavit,
907 3355 1005 3417 fidem
1036 3354 1166 3418 Christi

255 3638 441 3690 ¹H.E.11.5.
478 3641 539 3689 Sax.
551 3639 645 3688 Chron.
707 3639 843 3687 hamshire.
861 3636 1169 3698 Huntingdonandothers

254 3703 355 3776 ²idle]
376 3711 448 3757 Beda
467 3708 517 3773 (H.
539 3710 572 3758 E.
589 3721 619 3756 11.
642 3705 683 3771 12)
708 3709 817 3756 mention
829 3706 1067 3767 asayingtowhich
1076 3707 1096 3753 it
1104 3719 1168 3766 gave

219 3780 307 3841 places
329 3779 379 3826 this
403 3779 480 3826 battle
500 3781 527 3825 in
550 3781 615 3836 6263
643 3778 685 3824 the
709 3779 775 3824 rise:
806 3776 922 3822 “Amnis
945 3775 1000 3822 Idle
1028 3775 1168 3835 Anglorum

219 3850 281 3898 Sax.
294 3847 397 3907 chron,
409 3847 561 3907 Wendorer,
576 3846 626 3893 and
643 3845 685 3892 the
709 3845 831 3905 sauguine
840 3842 962 3891 sorduit.'’
990 3842 1038 3890 For
1045 3843 1086 3891 the
1098 3843 1170 3890 ‘ora-

220 3919 306 3966 Flores
325 3917 506 3976 Historiarum,
525 3916 550 3962 in
569 3918 625 3962 617.
661 3914 686 3961 It
697 3910 808 3961 tculum’
827 3912 885 3960 here
903 3911 1006 3959 alluded
1023 3918 1058 3972 to,
1073 3926 1116 3960 see
1129 3911 1170 3959 the

220 4002 275 4037 was
294 3987 383 4049 fought
400 4000 432 4033 on
452 3985 494 4032 the
513 3984 582 4032 bank
600 3983 629 4031 oi
644 3982 686 4031 the
697 3965 830 4049 {romantio
848 3980 936 4042 legend
957 3980 985 4027 ol
1001 3981 1125 4029 Eadwine
1145 3982 1171 4027 in

220 4056 287 4118 Idle,
310 4070 372 4105 near
391 4054 504 4117 ltetlord,
526 4054 552 4100 in
570 4052 687 4114 Nottiug-
698 4067 701 4111 ;
711 4053 784 4100 Beda
794 4050 843 4116 (Η.
855 4050 886 4100 Ε.
897 4063 926 4100 u.
940 4047 991 4112 12).
