3098 4770
329 339 394 402 150
699 346 907 395 CHRONlOON

332 503 501 579 Oswaldi,
515 502 665 582 egregiae
682 501 755 563 dux
771 502 943 564 memoriae
960 497 1201 571 AEthelwinus,
1218 492 1286 557 Dei

332 604 478 675 amicus,
497 600 679 662 defunctus
703 592 781 673 est,¹
799 601 857 679 qui
879 598 1042 660 fratribus
1060 596 1132 659 suis
1149 592 1284 656 AEthel·

332 699 460 773 woldo,
495 706 530 760 et
559 695 750 771 Alswoldo,
784 703 819 759 et
848 695 1039 776 AEgelsino,
1068 694 1150 756 licet
1167 690 1286 772 junior

334 803 450 870 aetate,
462 795 541 858 illos
556 802 673 858 tamen
685 793 958 870 mansuetudine,
967 794 1112 874 pietate,
1120 788 1287 861 bonitate,

336 902 372 960 et
391 893 534 977 justitia
557 893 764 968 excellebat,
790 900 836 968 et,
863 900 903 956 ut
924 893 977 954 vir
997 889 1158 953 maximoe
1181 885 1287 948 hone·

333 994 436 1056 statis
448 1000 484 1056 et
497 991 689 1068 munditiae,
701 990 861 1054 Paradisi
873 989 1018 1063 civibus,
1029 986 1081 1048 nti
1092 983 1183 1049 credi
1191 983 1289 1056 libet,

335 1096 389 1153 est
413 1089 581 1167 allectus3
609 1088 709 1168 cujus
735 1105 860 1170 corpus
885 1084 1038 1149 maximo
1059 1102 1138 1146 cum
1159 1081 1289 1143 honore

336 1187 585 1264 Ramesegiam
601 1184 768 1258 delatum,
786 1202 808 1245 a
833 1191 952 1246 sancto
977 1182 1138 1263 Alphego
1154 1177 1290 1242 Winto-

173 1303 251 1342 naeu
335 1283 686 1363 niensiepisoopoest
699 1278 931 1344 tumulatum.2
959 1279 1112 1343 Consilio
1120 1277 1290 1360 jussuque

172 1349 304 1440 iiiii&
335 1381 428 1459 regis
444 1378 639 1459 Anglorum
655 1377 845 1459 AEgelredi,
867 1395 1115 1460 procerumque
1137 1391 1290 1446 suorum,

336 1478 380 1539 de
397 1483 474 1540 tota
488 1475 621 1556 Anglia
635 1475 847 1539 robustiores
867 1475 1056 1538 Lundoniae
1071 1477 1291 1554 congregatae

337 1582 420 1638 sunt
444 1593 564 1649 naves
588 1592 676 1655 quas
700 1593 774 1650 rex,
798 1574 894 1637 lectis
917 1572 1091 1636 instruens
1113 1570 1291 1645 militibus,

337 1673 407 1735 illis
430 1671 615 1748 Alfrioum,
639 1671 739 1754 cnjus
765 1691 871 1754 supra
894 1671 1120 1746 meminimus,
1140 1677 1176 1732 et
1198 1667 1293 1731 Tho·

338 1770 459 1832 redum
478 1769 595 1845 duces
615 1770 829 1833 AElfstunum
845 1769 1120 1843 Wiltoniensem,
1138 1773 1173 1830 et
1191 1766 1292 1827 AEsc·

339 1863 459 1927 wium³
483 1867 665 1945 episcopos
693 1866 861 1946 praefecit,
888 1865 1055 1927 mandans
1087 1870 1139 1939 ut,
1162 1863 1193 1924 si
1222 1879 1293 1942 quo

338 1962 441 2024 modo
472 1969 627 2042 possent,
665 1962 846 2024 Danorum
879 1962 1069 2024 exercitum
1105 1961 1140 2022 in
1175 1959 1293 2039 aliquo

175 2071 251 2113 mure
262 2070 326 2110 und·
339 2066 445 2141 portu
469 2058 764 2123 circumvallando
779 2058 1116 2140 comprehenderent.
1161 2055 1294 2121 Verum

175 2121 310 2169 intelligentie

175 2173 218 2258 pp}
221 2171 283 2258 5132
284 2173 311 2258 ¹to
339 2157 413 2220 dux
429 2155 585 2220 Alsricus
600 2156 760 2219 clanculo
775 2157 932 2218 nuntium
948 2157 991 2220 ad
1009 2157 1127 2220 hostes
1141 2157 1293 2230 mittens,

296 2244 303 2258 ’
339 2252 503 2316 hortatur
524 2259 565 2315 ut
587 2254 655 2315 sibi
678 2253 908 2329 consulerent,
935 2262 971 2318 et
996 2261 1233 2336 praecaverent
1249 2271 1294 2315 ne

340 2351 385 2412 ab
415 2350 574 2412 exercitu
605 2349 698 2429 regis
729 2350 915 2431 improvise
948 2352 1294 2415 circumvenirentur:

340 2448 416 2528 ipse
431 2465 515 2511 vero
530 2445 617 2523 dux,
633 2448 831 2529 exemplum
851 2447 975 2529 flagitii
990 2449 1179 2529 singulare,
1194 2454 1297 2511 nocte

341 2563 421 2625 queo
437 2544 618 2626 praecessit
631 2544 723 2608 diem
741 2564 902 2626 quocum
917 2545 1028 2610 Danis
1044 2544 1152 2626 Angli
1163 2552 1296 2608 statue·

340 2649 421 2704 rant
445 2641 583 2705 fortiter
603 2642 780 2719 dimicare,
803 2644 892 2706 clam
909 2645 1068 2708 omnibus
1088 2643 1131 2706 ad
1151 2643 1296 2706 classem

341 2738 499 2821 profugit
523 2739 707 2816 Denicam,
733 2746 769 2803 et
790 2740 938 2805 cumeis
960 2761 1045 2804 mox
1069 2742 1197 2804 foedam
1219 2740 1298 2803 iniit

178 2837 473 2936 ssgffiffiggfugam.
526 2834 630 2912 Quod
661 2839 722 2901 ubi
755 2839 920 2918 cognovit
949 2838 1070 2902 classis
1104 2839 1213 2919 regie,
1243 2837 1299 2900 su·

343 2935 478 3014 gicntes
494 2934 708 3014 insequitur:
732 2954 796 2999 nec
811 2954 919 3011 mora,
934 2955 980 2999 cx
994 2937 1062 2999 illis
1076 2955 1146 2998 una
1162 2942 1298 2998 tantum

342 3032 444 3094 navis
469 3032 618 3112 capitur,
641 3032 804 3112 omnique
827 3033 863 3095 in
886 3051 929 3095 ee
949 3033 1171 3096 multitudine
1194 3051 1298 3110 oaesa,

344 3128 527 3208 spoliatur,
551 3129 685 3191 caeteris
706 3148 767 3211 per
790 3130 906 3211 fugam
928 3131 1048 3211 lapsis,
1069 3131 1182 3193 solum
1204 3130 1300 3192 Lun-

343 3224 526 3288 donienses
548 3244 627 3288 cum
648 3225 885 3290 Orientalibus
906 3227 1031 3308 Anglis
1052 3228 1194 3291 fortuito
1216 3246 1300 3290 cusu

344 3330 580 3399 occurrerunt,
611 3325 864 3406 commissoque
893 3325 1029 3407 proelio,
1056 3325 1167 3388 multa
1192 3324 1302 3387 millia

344 3419 527 3481 Danorum
545 3421 761 3500 occiderunt;
788 3423 927 3503 insuper
944 3424 1047 3485 etiam
1065 3422 1163 3485 ducis
1178 3420 1302 3486 Alfrici

344 3535 481 3592 navem,
508 3535 587 3579 cum
615 3519 783 3581 militibus
810 3527 846 3582 et
869 3521 985 3594 armis,
1002 3521 1079 3601 ipso
1103 3538 1165 3600 per
1182 3518 1300 3599 sugam

346 3613 405 3674 vix
422 3613 554 3694 elapso,
571 3623 749 3696 oeperunt,
766 3625 801 3679 et
818 3619 965 3681 victores
982 3615 1200 3680 extiterunt.¹

195 3718 313 3758 muru.
396 3709 478 3774 Hoc
494 3731 584 3774 anno
604 3714 792 3792 praedictus
816 3715 989 3778 exercitus
1012 3715 1191 3778 Danornm
1209 3715 1301 3777 Beb-

180 3781 331 3830 Bamborouglr

180 3831 270 3876 sacres,
344 3808 504 3870 bunburh
541 3810 694 3891 infregit,
734 3821 769 3874 et
804 3813 918 3876 omnia
954 3831 1033 3894 quae
1067 3811 1103 3874 in
1141 3832 1183 3875 ea
1220 3818 1302 3873 sunt

346 3916 1303 3941 w

381 3966 388 3996 ¹
407 3971 469 4019 Sax.
482 3973 578 4022 Chron.
870 3974 1055 4043 ³AEscwium.]
1077 3978 1173 4039 Bishop
1194 3977 1222 4025 oi
1236 3977 1304 4026 Dor·

380 4034 390 4062 ²
408 4038 479 4087 Hist.
493 4042 596 4091 Remos.
609 4059 667 4104 cap.
681 4058 747 4095 nxu.
838 4047 947 4094 chester.
