3098 4770
210 494 339 544 descriptiva

209 543 340 591 mmmm

374 308 440 372 186
745 319 955 369 ceruorucou

375 485 410 540 et
435 474 732 555 Norreganorum,
754 483 790 537 et
816 475 925 553 partis
954 475 1158 548 Suanorum,
1190 471 1325 535 AEthel·

209 597 290 639 asyro.
300 595 344 632 aaa
375 573 483 634 notho
498 573 776 654 metropolitano,
789 578 824 634 et
838 569 971 635 Allrico
990 571 1198 635 Eboracensi
1213 569 1325 631 archi·

375 669 551 750 episcopo,
570 671 796 750 omnibusque
814 668 984 749 episcopis
1004 678 1040 732 et
1061 668 1276 751 primatibus,
1291 673 1327 727 et

375 767 441 827 toti
466 769 563 847 genti
590 768 796 849 Anglorum,
827 772 898 827 tam
923 766 1094 828 nobilibus
1121 784 1222 845 quarn
1253 763 1325 842 ple·

375 862 462 939 heis,
488 864 649 928 salutem.
704 863 857 927 Notilico
874 863 972 925 vobis
996 881 1050 924 me
1071 862 1207 924 noviter
1222 859 1326 921 ivisse

378 960 542 1039 Romam,
576 971 710 1026 oratum
747 981 809 1041 pro
833 960 1066 1041 redemptione
1092 957 1324 1041 peccaminum

377 1078 544 1133 meorum,
574 1067 609 1121 et
636 1077 700 1138 pro
727 1058 840 1146 salute
868 1076 1063 1136 regnorum,
1092 1055 1219 1136 quique
1250 1070 1327 1116 meo

210 641 298 687 rotoma
307 647 329 681 st

209 689 289 730 Roma

376 1153 561 1233 subjacent
592 1154 749 1233 regimini
784 1152 1003 1234 populorum.
1056 1152 1159 1215 Hanc
1190 1149 1326 1231 quidem

375 1249 623 1329 profectionem
646 1250 722 1312 Deo
741 1249 816 1331 jam
837 1249 918 1311 olim
941 1249 1161 1324 devoveram,
1180 1247 1238 1311 sed
1264 1266 1327 1327 pro

375 1347 525 1425 negotiis
565 1347 673 1426 regni,
714 1355 749 1409 et
792 1347 906 1408 causis
946 1346 1220 1427 impedientibus,
1259 1344 1326 1407 huc

375 1462 487 1523 usque
512 1443 677 1524 perficere
702 1462 770 1505 non
796 1430 972 1522 poteram:
1011 1462 1102 1505 nunc
1125 1450 1239 1505 autem
1261 1441 1328 1522 ipsi

377 1540 454 1602 Deo
488 1559 566 1603 meo
601 1540 839 1621 Omnipotenti
860 1540 962 1602 valde
993 1540 1167 1602 humiliter
1197 1539 1327 1619 gratias

376 1656 457 1717 ago,
492 1639 552 1720 qui
585 1639 669 1700 mihi
699 1639 873 1701 concessit
903 1638 939 1700 in
976 1639 1049 1702 vita
1082 1657 1159 1700 mea
1189 1644 1327 1699 sanctos

375 1733 570 1815 Apostolos
601 1754 695 1812 suos,
728 1734 872 1797 Petrum
904 1744 939 1799 et
969 1734 1131 1810 Paulum,
1162 1742 1197 1797 et
1227 1751 1328 1798 omne

377 1833 626 1905 sanctuarium,
641 1831 734 1909 quod
752 1833 844 1894 intra
862 1834 978 1893 urbem
993 1831 1141 1894 Romam
1157 1840 1217 1894 aut
1228 1838 1330 1893 extra

377 1925 556 1988 addiscere
582 1927 691 2004 potui,
719 1935 896 2006 expetere,
921 1934 957 1989 et
979 1927 1166 1989 secundum
1194 1927 1327 1989 deside·

375 2023 466 2083 rium
497 2041 611 2085 meum
637 2023 903 2104 praesentialiter
931 2023 1147 2085 venerariet
1161 2022 1328 2086 adorare.

311 2101 355 2158 Χ
378 2118 433 2182 Ob
451 2119 487 2182 id
503 2139 589 2199 ergo
606 2121 758 2183 maxime
776 2119 842 2183 hoc
859 2121 1010 2202 patravi,
1026 2121 1108 2201 quia
1124 2139 1146 2183 a
1163 2120 1328 2201 sapienti·

376 2216 441 2277 bus
458 2215 575 2292 didici,
592 2216 757 2279 Sanctum
779 2216 923 2279 Petrum
941 2215 1151 2298 Apostolum
1167 2236 1327 2297 magnam

376 2318 643 2391 potestatema
664 2312 824 2375 'Domino
858 2315 1033 2393 accepisse
1061 2314 1193 2395 ligandi
1225 2321 1330 2394 atque

377 2407 550 2484 solvendi,
576 2408 858 2490 clavigerumque
882 2428 957 2471 esse
977 2409 1266 2495 *coelestisr‘egnn
1281 2419 1331 2492 „et

375 2504 455 2566 ideo
474 2505 661 2588 specialius
682 2506 758 2587 ejus
781 2506 1010 2586 patrocinium
1029 2507 1121 2587 apud
1141 2506 1328 2571 Dominum
1402 2525 1407 2533 ·

378 2600 565 2681 diligenter
574 2607 747 2684 expetere
767 2603 870 2665 valde
890 2603 974 2666 utile
995 2603 1092 2665 duxi.
1119 2603 1328 2667 „Sit-autem

372 2698 478 2760 ‚vobis
500 2706 634 2777 notum,
651 2701 744 2780 ¹quia
766 2718 895 2780 magna
917 2700 1140 2780 congregatio
1165 2700 1329 2780 nobilium
1380 2738 1383 2743 ·

377 2795 415 2856 in
429 2795 507 2876 ipsa
524 2794 687 2858 Paschali
701 2796 920 2859 solemnitate
933 2798 981 2859 ibi
995 2815 1072 2859 cum
1087 2797 1223 2860 domino
1237 2815 1332 2878 papa

379 2890 403 2954 J
406 2890 544 2970 ohanne
569 2900 606 2955 et
635 2893 844 2973 imperatore
874 2892 1058 2956 cuonrado
1087 2900 1172 2968 erat,
1200 2895 1332 2957 scilicet

379 3006 499 3050 omnes
512 2989 685 3069 principes
702 2991 856 3068 gentium
869 3008 891 3051 a
907 2997 1024 3052 monte
1039 2988 1205 3069 Gargano
1220 2992 1330 3070 u'sque

380 3085 423 3146 ad
447 3085 540 3146 istud
562 3086 758 3164 proximum
776 3105 884 3161 mare,
902 3087 962 3166 qui
988 3105 1106 3148 omnes
1131 3106 1186 3151 me
1208 3094 1243 3149 et
1268 3087 1331 3150 ho·

379 3180 522 3243 norifice
540 3200 736 3262 suscepere,
752 3190 788 3245 et
804 3183 903 3244 donis
921 3183 1082 3263 pretiosis
1099 3182 1331 3247 honoravere:

379 3278 533 3338 maxime
564 3284 679 3340 autem
712 3280 755 3340 ab
785 3280 993 3358 imperatore
1020 3279 1119 3341 donis
1152 3282 1268 3355 variis,
1297 3289 1333 3343 et

379 3374 581 3436 muneribus
601 3376 761 3454 pretiosis
785 3375 974 3438 honoratus
994 3395 1083 3450 sum,
1099 3383 1170 3438 tam
1186 3377 1219 3438 in
1238 3378 1331 3439 vasis
1382 3414 1384 3418 ·

378 3469 494 3547 aureis
522 3477 557 3532 et
584 3472 770 3549 argenteis,
797 3491 900 3552 quam
929 3474 965 3534 in
991 3473 1105 3552 palliis
1129 3480 1164 3535 et
1182 3475 1333 3536 vestibus

380 3566 483 3627 valde
510 3566 681 3646 pretiosis.
735 3566 890 3630 Locutus
918 3587 994 3630 sum
1020 3569 1127 3649 igitur
1150 3589 1227 3632 cum
1255 3572 1332 3651 ipso

380 3664 600 3743 imperatore,
624 3671 660 3725 et
683 3664 821 3726 domino
847 3684 950 3745 papa,
977 3674 1010 3728 et
1035 3666 1245 3747 principibus
1273 3667 1332 3747 qui

380 3760 427 3820 ibi
450 3768 563 3834 erant,
581 3759 623 3820 de
641 3761 905 3824 necessitatibus
924 3764 1029 3824 totius
1047 3764 1166 3843 populi
1181 3764 1332 3826 universi

379 3858 476 3935 regni
505 3857 585 3931 mei,
611 3863 681 3918 tam
710 3858 905 3937 Anglorum
934 3845 1038 3939 duam
1071 3860 1262 3934 Danorum‚
1293 3867 1333 3922 ut

380 3952 429 4011 eis
454 3954 700 4015 concederetur
726 3955 784 4016 lex
814 3957 947 4035 aequior
963 3964 998 4018 et
1025 3975 1093 4035 pax
1121 3957 1274 4017 securior
1297 3956 1332 4018 in
