3098 4770
361 348 406 412 34
732 367 937 415 canonicos

365 520 594 584 Hildelitham
614 521 730 585 extitit
746 521 942 586 Wlfhildis¹
969 520 1157 596 abbatissa,
1181 518 1310 599 Edgari

365 621 455 700 regis
472 627 634 699 tempore.

218 732 244 771 A·
253 732 279 770 1³-
289 730 335 768 076·
417 718 627 781 Benedictus
658 719 785 800 Biscop
819 738 895 782 cum
932 715 1115 790 ceolfrido,
1153 715 1313 796 religioso

201 797 354 894 {ididiam
367 817 547 893 monacho,
582 827 706 899 quarto
742 818 888 882 Romam
923 816 966 878 de
1002 815 1180 878 Britannia
1214 814 1312 894 petit,

200 896 320 984 'siddim
367 914 548 996 epistolam
574 916 744 998 privilegii
770 919 813 979 ab
837 914 1020 996 Agathone
1047 931 1151 994 papa,
1175 931 1252 975 cum
1275 911 1312 973 li·

367 1015 491 1089 centia,
508 1034 688 1089 consensu,
710 1014 887 1089 desiderio,
903 1019 937 1075 et
959 1012 1098 1074 hortatu
1114 1012 1205 1090 regis
1221 1011 1312 1090 Ecg-

367 1111 445 1174 sridi
466 1126 655 1194 acceptam,
671 1133 740 1194 qua
757 1111 999 1176 monasterium
1021 1128 1121 1171 suum
1142 1117 1255 1171 tutum
1271 1127 1312 1171 ac

366 1209 511 1271 liberum
527 1219 692 1292 perpetuo
713 1212 921 1284 redderetur,
936 1207 1064 1272 retulit.
1117 1206 1262 1288 Accepit
1277 1213 1312 1269 st

367 1306 390 1369 J
393 1306 576 1384 ohannem,
600 1308 868 1372 archicantorem
895 1308 988 1370 beati
1020 1305 1114 1369 Petri
1139 1304 1312 1386 Apostoli,

368 1405 581 1469 Britanniam
606 1407 870 1488 perducendum,
894 1405 993 1469 utin
1016 1405 1224 1467 monasterio
1248 1422 1312 1466 suo

205 1521 322 1593 nemu¹
367 1523 505 1567 cursum
533 1507 676 1570 canendi
691 1527 752 1587 per
776 1525 898 1569 annum
924 1505 1091 1569 edoceret.
1138 1502 1312 1565 AEscwine

204 1572 324 1659 §ididia
334 1620 358 1658 or
368 1622 431 1664 rex
467 1604 762 1668 West-Saxonum
803 1604 957 1677 moritur,
994 1612 1029 1666 et
1065 1600 1242 1664 Centwine
1279 1600 1311 1663 ei

204 1670 321 1709 cmm
369 1701 536 1777 succedit,
563 1703 623 1783 qui
655 1703 722 1765 suit
759 1703 850 1765 filius
886 1699 1075 1783 Cynegisli,
1109 1698 1171 1760 filii
1202 1697 1309 1761 Ceoli.

205 1815 314 1854 AEthelred
369 1796 553 1861 AEthelred
608 1820 671 1863 rex
726 1800 933 1863 Merciorum
987 1796 1145 1860 Cautiam
1195 1803 1311 1858 vasta·

204 1865 355 1962 Arimi?
369 1896 433 1971 rit,
471 1897 645 1962 civitatem
683 1917 820 1978 quoque
863 1895 962 1960 Hrofi
1004 1895 1176 1958 communi
1214 1893 1311 1958 clade

205 1963 314 2003 Kantand

204 2014 306 2102 ffirert·
369 1996 571 2078 absumpsit.
624 1997 726 2074 Quod
744 1997 802 2058 ubi
817 1995 924 2058 Putta
939 1993 1015 2077 ejus
1030 1995 1211 2076 episcopus
1222 2013 1312 2057 com-

190 2090 193 2097 ’
240 2073 329 2103 Μ’
369 2095 485 2175 periit,
508 2095 551 2158 ad
583 2095 766 2159 Saxulfum
800 2094 1008 2158 Merciorum
1037 2093 1232 2173 episcopum
1263 2092 1312 2153 di·

259 2272 261 2276 *
371 2192 487 2268 vertit,
511 2202 546 2257 et
568 2196 612 2257 ab
634 2213 675 2257 eo
700 2195 917 2276 possessione
943 2189 1124 2273 cujusdam
1157 2190 1311 2252 ecclesiae

205 2328 330 2427 ran:
368 2293 840 2466 ttttttdtttttttt
856 2288 1312 2469 diffiduntur}

368 2487 523 2567 seditio,
548 2495 628 2569 post
650 2508 720 2552 non
741 2489 887 2551 multum
911 2486 1088 2566 temporis,
1103 2505 1176 2567 prae
1197 2485 1313 2567 inopia

368 2604 482 2649 rerum
501 2589 545 2650 ab
563 2588 764 2669 episcopatu
781 2585 976 2659 decedente,
995 2583 1237 2646 Gebmundum
1250 2603 1313 2664 pro

369 2703 410 2747 eo
447 2686 628 2748 substituit
659 2685 859 2748 antistitem.
931 2682 1105 2745 Defuncto
1135 2681 1316 2746 West-Sa·

369 2802 501 2847 xonum
530 2785 691 2865 episcopo
723 2781 920 2855 Leutherio,
955 2781 1157 2862 episcopatu
1186 2780 1315 2843 Haeddi

370 2880 511 2944 functus
537 2887 590 2946 est
615 2901 679 2962 pro
700 2881 772 2956 illo,
791 2882 827 2944 in
855 2879 996 2943 civitate
1022 2878 1206 2943 Lundonia
1231 2897 1315 2942 oon·

207 2987 359 3078 {ggffiht
370 2988 526 3043 sectatus
545 2999 567 3043 a
581 2978 791 3043 Theodoro.2
840 2978 987 3042 Sanctus
1007 2975 1216 3040 Cuthbertus
1233 2996 1315 3040 ana·

207 3088 323 3128 auctorite·
372 3078 553 3142 choreticae
577 3078 872 3159 contemplationis
887 3083 1020 3139 secreta
1035 3074 1157 3156 petiit.³

226 3187 339 3226 ΜΠ·
422 3176 527 3241 Anno
554 3178 687 3259 imperii
716 3177 869 3256 Ecgfridi
894 3181 986 3237 V1110.
1010 3175 1172 3256 apparuit
1198 3193 1316 3237 mense

208 3253 312 3292 ΜΝ·
372 3273 536 3355 Augusto
555 3276 656 3338 stella
677 3273 853 3339 cometes!
904 3274 984 3350 Quo
1001 3274 1104 3334 etiam
1127 3291 1217 3335 anno
1238 3280 1316 3335 orta

208 3324 314 3364 Boramd

209 3375 346 3463 ffi‘jgffir
372 3373 463 3435 inter
498 3374 610 3455 ipsum
640 3393 756 3454 regem
784 3372 982 3452 Ecgfridum
1014 3378 1048 3433 et
1075 3369 1317 3433 reverendissi-

208 3473 268 3512 rnre.
373 3490 467 3532 mum
504 3473 693 3535 antistitem
722 3471 919 3533 Wilfridum
946 3469 1169 3545 dissensione,
1195 3469 1315 3550 pulsus

269 3650 271 3654 Ι
374 3576 426 3632 est
443 3569 533 3631 idem
551 3571 694 3633 antistes
717 3590 738 3632 a
759 3571 839 3632 sede
865 3567 918 3631 sui
943 3567 1174 3649 episcopatus,
1192 3576 1227 3630 et
1248 3568 1316 3632 duo

373 3668 408 3728 in
426 3667 540 3730 locum
554 3669 628 3751 ejus
643 3669 821 3731 substituti
836 3667 999 3747 episcopi,
1017 3667 1109 3729 Bosa
1129 3667 1317 3730 monachus

409 3865 417 3897 ¹
439 3868 587 3930 Writers]
605 3869 711 3929 Wiiiith,
723 3869 754 3917 L.
890 3864 901 3895 ⁴
920 3860 1049 3933 Cometes]
1068 3866 1105 3914 H.
1117 3866 1193 3916 E.1v.
1204 3869 1247 3923 12;
1258 3866 1321 3914 Sax.

485 3970 561 4019 Ε·

406 4067 416 4097 ³
433 4070 494 4118 Vita
504 4070 532 4118 S.
544 4069 636 4119 cuthb.
648 4084 737 4121 uxvu.
857 4075 889 4122 Ε,
897 4073 933 4121 Η,
942 4073 970 4122 s,
982 4087 1008 4133 p,
1021 4076 1078 4120 274,
