3098 4770
223 314 290 380 188
447 360 480 386 -,
592 328 802 378 canonicos
860 334 864 369 τ
938 328 943 339 ’

224 499 432 563 aequumque
445 480 615 562 judicium
637 500 699 564 per
721 481 837 545 omnia
859 482 1060 546 observare:
1084 480 1121 546 et
1140 482 1171 545 si

225 578 308 659 quid
338 595 400 658 per
431 597 516 643 meae
549 578 744 663 juventutis
775 579 1071 660 intemperantiam
1108 587 1171 642 aut

224 673 472 755 negligentiam
501 677 669 741 hactenus
700 682 828 756 praeter
855 677 891 739 id
917 678 1008 758 quod
1035 676 1170 758 justum

223 778 301 834 erat
325 780 442 837 actum
466 783 531 852 est,
558 782 682 848 totum,
699 772 777 836 Deo
793 773 995 849 auxiliante,
1010 773 1171 852 deinceps

223 868 368 951 dispono
384 871 591 936 emendare:
620 869 763 933 ¹Idcirco
779 871 944 945 obtestor,
959 876 995 932 et
1006 869 1171 951 praecipio

222 968 308 1030 meis
325 969 542 1043 consiliariis,
557 969 681 1048 quibus
698 968 796 1047 regni
811 965 954 1030 consilia
968 965 1108 1041 credidi,
1126 984 1170 1028 ne

222 1063 295 1127 ullo
312 1067 428 1141 modo,
446 1072 509 1129 aut
523 1072 666 1144 propter
681 1065 837 1126 timorem
851 1064 929 1139 mei,
945 1069 1007 1125 aut
1021 1061 1169 1143 alicujus

222 1161 374 1238 potentis
404 1178 564 1239 personae
589 1160 753 1235 savorem,
779 1159 930 1238 aliquam
961 1158 1168 1240 injustitiam

223 1254 347 1317 amodo
379 1257 610 1332 consentiant,
635 1257 691 1319 vel
718 1256 895 1338 patiantur
926 1255 1095 1337 pullulare
1131 1255 1168 1317 in

221 1352 316 1412 omni
331 1370 440 1431 regno
455 1371 544 1416 meo.
597 1352 767 1432 Praecipio
783 1353 888 1416 etiam
902 1353 1059 1416 omnibus
1075 1352 1168 1415 vice·

221 1448 403 1510 comitibus
420 1456 456 1511 et
470 1448 668 1528 praepositis
691 1449 841 1511 universi
863 1451 959 1529 regni
980 1449 1060 1524 mei,
1076 1449 1168 1512 sicut

219 1562 332 1605 meam
359 1545 546 1608 amicitiam
572 1553 635 1607 aut
661 1563 759 1607 suam
784 1545 932 1607 salutem
955 1544 1080 1607 babere
1104 1564 1167 1608 vo·

219 1640 309 1716 lunt,
326 1649 365 1703 ut
383 1642 470 1704 nulli
484 1642 627 1718 homini,
642 1660 704 1704 nec
726 1642 825 1704 diviti
847 1660 908 1706 nec
926 1642 1081 1723 pauperi,
1098 1643 1167 1704 vim
1264 1723 1268 1727 ῃ

220 1737 386 1817 injustam
408 1739 580 1818 inserant3
612 1740 672 1802 sed
706 1739 876 1815 omnibus,
900 1747 970 1802 tam
994 1739 1166 1802 nobilibus

220 1849 325 1910 quem
339 1835 563 1911 ignobilibus,
585 1842 622 1898 et
643 1835 806 1897 divitibus
826 1843 861 1897 et
882 1837 1100 1915 pauperibus,
1121 1836 1168 1898 sit

217 1927 273 1989 sas
285 1928 384 2010 justa
403 1929 482 2010 lege
503 1928 675 2009 potiundi,
692 1946 714 1991 a
731 1948 800 2009 qua
822 1949 887 1992 nec
906 1939 1046 2012 propter
1067 1931 1166 1994 favo-

217 2043 291 2087 rem
309 2025 537 2106 reginmunt
557 2025 705 2108 alicujus
724 2026 874 2108 potentis
895 2045 1167 2108 personam,.nec

218 2128 362 2201 propter
377 2123 462 2186 mibi
476 2123 755 2204 congregandam
770 2124 962 2203 pecuniam,
975 2123 1047 2187 ullo
1062 2124 1167 2187 modo

220 2218 396 2295 devietur;
422 2220 505 2299 quia
524 2219 621 2282 nulla
641 2219 725 2280 mibi
740 2220 936 2282 <decernitis
957 2227 1023 2296 est,
1041 2227 1082 2283 ut
1100 2221 1167 2283 ini·

215 2330 289 2392 'qua
310 2315 494 2377 exactione
519 2315 605 2377 mihi
627 2315 1042 2396 pecuniacongregetur,
1059 2317 1167 2397 eligo

216 2408 471 2490 itaque-quod
486 2411 586 2474 vobis
607 2417 729 2473 notum
749 2410 824 2473 fieri
847 2411 1086 2486 volo,..eadem
1107 2414 1167 2476 via

121 2546 123 2551 -
217 2523 288 2585 qua
304 2506 399 2569 exivi
408 2507 624 2587 regrediens,
640 2505 905 2575 Denemarciam
921 2512 1114 2590 capacem
1130 2517 1166 2572 et
1220 2540 1224 2546 ν
1288 2528 1291 2532 ’
1355 2576 1358 2587 ,

217 2600 354 2664 firmum
371 2609 525 2684 pactum,
546 2604 699 2666 omnium
722 2602 902 2680 Danorum
917 2604 1071 2680 consilio,
1086 2622 1166 2668 cum

216 2698 267 2760 eis
278 2700 451 2778 *gentibus
472 2707 509 2763 et
524 2701 663 2782 populis
682 2700 945 2780 compositurus,
960 2701 1021 2781 qui
1036 2720 1107 2764 nos
1128 2708 1165 2765 et
1206 2695 1209 2699 ’

215 2813 324 2875 regno
345 2803 382 2858 et
397 2797 474 2859 vita
489 2797 638 2876 privare,
653 2796 684 2857 si
696 2797 755 2859 eis
773 2797 934 2877 possibile
949 2804 1051 2873 esset,
1068 2797 1164 2861 vole·

214 2891 312 2967 bant,
344 2892 407 2954 sed
429 2911 498 2956 non
520 2899 701 2972 poteraut;
735 2892 813 2955 Deo
844 2893 974 2955 scilicet
1003 2894 1163 2957 virtutem

215 3005 333 3050 eorum
351 2987 560 3064 destruente,
575 2989 634 3069 qui
650 3007 715 3051 nos
732 3007 796 3052 sua
815 2989 965 3069 benigna
982 2990 1111 3069 pietate
1125 2992 1163 3053 in

213 3102 322 3163 regno
344 3083 531 3148 ethonore
555 3093 748 3159 conservet,
764 3086 983 3166 omniumque
1006 3086 1162 3149 inimico-

212 3199 289 3242 rum
312 3189 510 3243 nostrorum
535 3182 724 3261 potentiam
746 3189 782 3245 et
804 3181 1037 3244 fortitudinem
1065 3181 1162 3245 dein-

212 3295 294 3356 ceps
321 3277 467 3357 dissipet
491 3287 528 3341 et
550 3277 725 3340 annihilet.
787 3277 989 3357 Composita
1014 3279 1162 3358 denique

211 3390 297 3450 pace
319 3391 397 3434 cum
422 3376 583 3452 gentibus
606 3375 742 3453 quaein
764 3374 909 3436 circuitu
933 3382 1051 3437 nostro
1069 3384 1162 3451 sunt,

212 3467 449 3548 dispositoque
471 3477 506 3531 et
530 3478 656 3550 pacato
675 3471 767 3532 omni
788 3488 895 3549 regno
914 3478 1032 3533 nostro
1052 3470 1108 3533 bic
1124 3473 1159 3534 in

213 3563 366 3639 Oriente,
383 3566 434 3626 ita
457 3573 496 3627 ut
514 3584 536 3627 a
554 3566 650 3627 nulla
666 3574 765 3646 parto
783 3566 911 3628 bellum
928 3573 990 3629 aut
1013 3567 1160 3629 iuimici-

210 3661 278 3723 tias
294 3661 487 3741 aliquorum
503 3662 624 3725 timere
639 3662 840 3738 habeamus,
856 3681 960 3742 quam
977 3663 1079 3724 citius
1095 3664 1160 3725 hac

203 3766 332 3844 ¹aestate
352 3765 560 3838 apparatum
582 3760 713 3840 navigii
734 3777 920 3839 procurare
935 3767 1067 3841 potero,
1084 3757 1159 3821 An-

208 3853 315 3931 gliam
344 3857 462 3917 venire
490 3856 647 3936 dispono.
700 3856 805 3919 Hanc
834 3864 949 3919 autem
977 3855 1158 3936 epistolam

207 3949 334 4011 idcirco
363 3953 526 4029 praemisi,
555 3961 595 4014 ut
622 3953 664 4015 de
688 3973 764 4016 mea
791 3952 1021 4032 prosperitate
1048 3952 1159 4013 omnis
