3098 4770
437 316 629 384 rionun‘rn
657 337 936 386 wreonnurusrs.
1093 324 1160 387 169

209 490 356 566 sculum,
379 510 505 571 magno
529 492 702 554 cruciatus
719 498 903 567 tormento,
922 493 1022 556 tertio
1048 512 1159 556 nonas

212 588 393 652 Februarii
412 589 449 670 [3
467 589 569 669 Feb]
582 590 767 652 miserabili
782 597 891 653 morte
903 591 1006 653 vitam
1022 590 1160 654 finivit.¹

212 685 291 762 Quo
308 694 455 759 mortuo,
468 686 576 749 filium
592 687 667 769 ejus
681 688 853 751 Canutum
864 689 929 751 sihi
947 707 1063 768 regem
1079 708 1159 752 eon·
1172 706 1290 746 fleterne-

210 786 324 847 stituit
359 784 505 848 classica
533 803 656 846 manus
695 787 884 848 Danorum.
936 786 986 850 At
1010 757 1248 868 maj0resliil⁶
1258 759 1285 805 ”¹

211 889 297 944 natu
322 883 429 945 totius
457 881 594 961 Angliae
622 883 665 945 ad
693 901 808 963 regem
837 884 1058 963 AEgelredum
1084 886 1160 965 pari
1172 855 1290 943 hildi(

211 998 380 1040 consensu
417 980 557 1042 nuntios
594 979 797 1042 festinanter
828 981 961 1056 misere,
994 981 1158 1058 dicentes,
1190 1048 1191 1052 ,

211 1095 249 1138 se
274 1076 406 1138 nullum
429 1077 508 1157 plus
532 1096 648 1140 amare
671 1077 726 1140 rel
754 1085 930 1140 amaturos
955 1097 1028 1141 esse
1055 1097 1160 1160 quam

212 1192 312 1235 suum
344 1175 537 1238 naturalem
572 1175 758 1250 dominum,
788 1176 818 1238 si
844 1177 917 1257 ipse
948 1178 1003 1239 vel
1033 1178 1161 1240 rectius

213 1272 418 1350 gubernare,
444 1274 498 1336 vel
526 1273 641 1336 mitius
669 1293 727 1336 eos
752 1280 901 1337 tractare
926 1275 1030 1337 vellet
1055 1294 1160 1356 quam

213 1368 309 1447 prius
351 1376 530 1433 tractarat.
595 1369 729 1446 Quibus
762 1371 899 1445 auditis,
932 1371 1161 1434 Eadwardum

213 1466 321 1528 filium
358 1486 459 1529 suum
487 1487 562 1531 cum
591 1468 716 1547 legatis
738 1469 809 1530 suis
837 1468 879 1530 ad
910 1487 967 1531 eos
997 1469 1160 1549 dirigenS,

213 1565 361 1646 majores
376 1567 592 1647 minoresque
607 1568 721 1646 gentis
732 1585 816 1642 suae,
833 1567 1054 1630 amicabiliter
1069 1569 1161 1631 salu-

215 1664 316 1735 tavit,
332 1665 534 1742 promittens
558 1684 595 1726 se
617 1664 687 1726 illis
712 1665 828 1726 mitem
854 1664 1084 1743 devotumque
1101 1664 1161 1726 do-

217 1761 345 1820 minum
360 1759 525 1835 futurum,
538 1762 574 1822 in
592 1760 749 1823 omnibus
764 1778 879 1822 eorum
895 1760 1066 1822 voluntati
1082 1779 1163 1824 con-

218 1876 412 1932 sensurum,
429 1857 579 1919 consiliis
604 1857 851 1938 acquieturum,
869 1865 904 1919 et
923 1858 1083 1939 quicquid
1099 1859 1164 1921 sibi

221 1954 277 2016 vel
301 1955 373 2016 suis
397 1956 442 2017 ab
466 1955 536 2017 illis
561 1956 725 2036 probrose
752 1962 787 2018 et
809 1955 1013 2019 dedecorose
1036 1957 1165 2019 dictum

216 2052 271 2114 vel
298 2054 469 2115 contrarie
496 2054 625 2116 factum
641 2053 764 2127 fuerat,
788 2052 923 2133 placido
949 2055 1061 2117 animo
1087 2073 1167 2116 con·

219 2151 444 2222 donaturum3
469 2151 498 2212 si
515 2167 633 2211 omnes
648 2149 866 2225 unanimiter,
877 2158 912 2211 et
926 2149 1000 2211 sine
1013 2150 1167 2231 perfidia,

216 2247 313 2308 illum
329 2248 481 2328 recipere
496 2247 624 2309 vellent
639 2247 675 2309 in
690 2265 843 2327 regnum.
888 2246 944 2310 Ad
960 2246 1033 2310 haee
1050 2248 1167 2311 cuncti

214 2345 354 2428 benigni
370 2344 629 2425 responderunt.
681 2345 772 2407 Dein
787 2344 938 2407 amicitia
951 2345 1105 2426 plenaria
1121 2365 1166 2408 ex

215 2448 364 2522 utraque
394 2449 495 2522 parte
524 2450 558 2515 et
590 2441 704 2504 verbis
733 2449 768 2504 et
779 2437 901 2523 spacto
934 2443 1167 2506 confirmatur.

217 2536 274 2600 Ad
290 2539 364 2601 haec
380 2540 551 2620 principes
566 2557 604 2600 se
621 2557 688 2601 non
702 2539 849 2619 amplius
864 2538 1033 2601 Danieum
1052 2559 1169 2619 regem

218 2635 430 2713 admissuros
446 2637 480 2698 in
497 2635 659 2715 Angliam
681 2637 889 2698 unanimiter
902 2636 1169 2717 spoponderunt.

220 2733 289 2796 His
312 2735 433 2812 gestis,
459 2733 503 2796 ab
526 2732 653 2812 Anglis
676 2733 711 2795 in
737 2733 986 2796 Normanniam
1011 2734 1171 2809 mittitur,

217 2850 281 2893 rex
295 2831 459 2894 festinato
478 2829 782 2910 Quadragesimali
807 2830 961 2910 tempore
984 2831 1171 2906 reducitur,

218 2937 253 2990 et
279 2930 323 2991 ab
341 2929 499 2991 omnibus
524 2927 772 2991 honorabiliter
796 2928 979 3008 excipitur.
1032 2927 1173 2991 Interea
1184 2932 1240 2991 'cnut
1252 2950 1329 2991 rnna

219 3025 356 3088 Canuto
389 3034 424 3088 et
455 3024 730 3087 Lindisiensibus
766 3025 938 3099 convenit,
961 3032 1001 3087 ut
1027 3025 1171 3088 caballis
1183 3003 1238 3099 iiim
1247 3000 1314 3041 rnr-

217 3123 385 3185 exercitui
406 3141 470 3185 suo
485 3123 631 3202 paratis,
646 3121 840 3203 praedatum
858 3122 959 3183 simul
983 3121 1170 3184 descende·

218 3227 312 3296 rent;
335 3220 395 3282 sed
418 3225 603 3299 antequam
628 3230 745 3281 essent
768 3220 893 3300 parati,
910 3220 1004 3281 venit
1025 3219 1084 3282 illo
1106 3238 1172 3282 rex

218 3317 425 3398 AEgelredus
451 3335 529 3378 cum
553 3318 708 3379 exercitu
731 3316 857 3392 valido,
876 3322 910 3377 et
933 3315 1070 3379 Canuto
1094 3335 1171 3378 cum

217 3415 363 3477 classica
393 3433 498 3476 manu
524 3414 683 3495 expulso,
709 3413 950 3492 Lindesegiam
979 3420 1087 3476 totam
1115 3413 1172 3475 de-

253 3690 260 3722 ¹
284 3692 366 3740 Vitam
381 3690 491 3753 finivit]
526 3690 581 3738 The
608 3689 686 3739 Chro-
710 3690 773 3738 slew
784 3689 875 3736 himin
890 3687 932 3734 the
948 3699 1017 3733 seme
1030 3698 1174 3733 manneras

216 3761 282 3809 niele
296 3760 388 3818 simply
400 3759 501 3806 records
520 3759 561 3805 the
573 3758 648 3804 death
661 3758 689 3804 of
712 3757 749 3804 st.
770 3755 915 3802 Mercurius
935 3754 998 3800 slew
1018 3753 1108 3800 Julian
1132 3753 1173 3802 the

216 3831 302 3887 suein,
311 3828 428 3886 omitting
440 3827 483 3872 the
494 3826 607 3873 miracle.
633 3825 688 3872 'l'he
712 3826 846 3883 Apostate.
882 3821 935 3867 The
964 3821 1065 3880 Legend
1088 3821 1118 3868 os
1136 3821 1172 3869 st.

216 3898 359 3958 linytlinga
373 3895 442 3956 Saga
454 3894 492 3958 (p.
509 3891 568 3955 184)
584 3894 688 3940 informs
715 3893 860 3939 Mercurius
893 3890 915 3936 is
947 3890 1046 3948 printed
1077 3890 1103 3935 in
1131 3890 1174 3938 the

216 3983 257 4027 us,
270 3965 324 4013 that
342 3963 508 4024 Englishmen
524 3976 570 4021 say
582 3961 635 4008 that
647 3961 688 4008 the
714 3959 862 4007 ‘Homilies
884 3958 911 4004 of
928 3957 968 4004 the
995 3957 1175 4018 Angla-Saron

217 4037 278 4096 hely
301 4035 364 4095 king
384 4031 513 4080 Edmund
527 3991 702 4095 (latmundr)i
716 4026 836 4086 Church,'
848 4027 896 4074 vol.
908 4039 926 4074 1.
940 4041 964 4086 p.
976 4028 1034 4073 lib.
