3098 4770
438 341 631 388 rnonnrvrn
659 341 941 390 wroonnmnsrs
1099 328 1164 392 171

210 493 294 573 quia
323 513 386 557 rex
413 495 620 575 AEgelredus
644 497 736 576 apud
765 496 934 559 Cossham
966 499 1165 576 agrotavit,
1177 514 1308 602 ⁸2:31&ng

211 591 435 655 Eadmundus
453 593 547 669 clito,
563 593 654 655 filius
670 595 756 677 ejus,
773 614 818 657 ex
833 615 898 658 sua
912 603 1024 676 parte,
1040 603 1075 658 et
1091 596 1164 658 dux
1178 613 1272 651 rarum

211 689 344 753 insidiis
366 698 401 754 et
423 691 502 754 dolo
523 691 658 773 plenus,
679 693 825 757 Edricus
851 693 1011 768 Streona,
1026 694 1062 754 in
1087 713 1165 768 sua,
1178 671 1268 775 ω’,

211 805 374 867 magnum
390 799 691 870 congregaverunt
709 792 924 855 exercitum:
951 790 1012 854 sed
1028 810 1106 853 cnm
1129 791 1166 852 in
1180 805 1274 846 vacue·

210 904 316 947 unum
332 888 568 962 convenirent,
581 888 691 951 modis
708 890 866 951 omnibus
884 889 1027 951 insidias
1046 889 1166 952 clitoni
1179 857 1296 904 ‘mm'

211 982 284 1044 dux
314 985 473 1060 tetendit,
499 986 665 1065 illumque
691 984 771 1048 dolo
800 986 969 1067 perimere
994 987 1164 1050 tentavit:

212 1081 337 1160 quibus
353 1083 511 1163 cognitis,
529 1101 612 1145 mox
628 1084 672 1146 ab
689 1083 836 1146 invicem
864 1083 1107 1158 discesserunt,
1131 1090 1167 1146 et

212 1177 324 1242 locum
359 1181 431 1242 suis
465 1181 612 1244 inimicis
644 1181 823 1245 dederunt.
870 1181 954 1245 Non
983 1181 1042 1244 diu
1073 1188 1166 1262 post,
1181 1197 1309 1238 eunoun

210 1275 300 1338 idem
316 1279 389 1340 dux
406 1279 449 1340 de
466 1280 563 1358 regia
578 1279 689 1341 classe
702 1295 762 1341 xn.
778 1298 898 1354 naves,
914 1279 1058 1342 Danicis
1075 1280 1166 1340 mili·
1179 1248 1283 1336 ‘diiii‘

212 1373 305 1436 tibus
326 1376 526 1450 instructas,
552 1375 618 1436 sibi
643 1375 777 1450 allexit,
793 1384 829 1438 et
847 1375 1021 1438 Canutum
1036 1377 1166 1450 adiens,
1180 1347 1294 1434 iiiiim

212 1471 320 1551 ipsius
347 1473 498 1535 dominio
525 1492 563 1534 se
589 1473 810 1554 mancipavit.
863 1473 960 1536 Idem
983 1473 1167 1537 West-Sa·

216 1589 326 1633 xones
352 1572 443 1634 datis
467 1570 644 1635 obsidibus
667 1571 836 1647 fecerunt,
851 1579 886 1634 et
901 1580 981 1652 post
996 1572 1167 1633 exercitui

211 1667 365 1729 caballos
406 1667 642 1748 paraverunt.¹
711 1668 884 1730 Defuncto
932 1661 1317 1759 AEthelwoldossffl‘lffi·

211 1763 445 1825 Wintoniensi
475 1766 649 1845 episcopo,
684 1765 852 1826 successit
890 1764 1034 1838 AElsius,
1065 1764 1167 1844 eique
1180 1762 1332 1855 {2525ssng

212 1860 408 1924 AElswinus.
1180 1857 1288 1945 fugae

264 1958 347 2022 Rex
370 1959 550 2022 Danorum
574 1957 744 2034 Canutus,
761 1967 798 2023 et
812 1958 962 2039 perfidus
978 1958 1050 2020 dux
1067 1959 1167 2020 Edri-
1192 1979 1219 2017 a.
1228 1978 1255 2016 n.
1267 1980 1324 2018 1⁰1⁶.

213 2075 275 2119 cus
292 2056 452 2131 Streona,
466 2076 544 2118 cum
561 2057 670 2119 multo
692 2057 849 2136 equitatu
864 2074 998 2117 amnem
1016 2055 1167 2116 Tamen·
1180 2042 1291 2130 {¹333st

213 2173 299 2228 sem,
314 2154 351 2216 in
376 2153 453 2216 loco
475 2153 535 2233 qui
553 2152 756 2232 Cricgelade
777 2153 914 2226 dicitur,
933 2139 1328 2229 transeuntes‚},⁸1',{‘,3„,w,f¹‘

213 2257 295 2326 ante
312 2251 541 2330 Epiphaniam
569 2251 712 2313 Domini
736 2250 774 2330 [6
791 2250 815 2313 J
817 2250 891 2330 an]
915 2249 1082 2312 Merciam
1104 2248 1168 2312 ho·

214 2347 342 2434 stiliter
369 2348 596 2424 intraverunt,
621 2355 658 2411 et
684 2347 813 2422 multas
838 2347 939 2410 villas
969 2347 1005 2409 in
1030 2346 1167 2410 Weari·

213 2443 349 2522 vvicana
380 2445 558 2525 provincia
593 2446 814 2525 populantes,
852 2445 1089 2518 incenderunt,
1127 2462 1169 2505 ac

216 2560 335 2604 omnes
365 2561 453 2622 quos
483 2543 687 2605 invenerant
720 2541 929 2626 occiderunt.
996 2539 1100 2614 Quod
1129 2547 1170 2602 ut
1182 2553 1329 2641 ffl'ffi„

215 2639 351 2702 audivit
387 2639 470 2702 clito
500 2638 737 2712 Eadmundus,
765 2637 969 2718 cognomine
1003 2635 1170 2698 Ferreum
1183 2611 1289 2698 annio·

217 2734 339 2811 Latus,
349 2736 544 2815 exercitum
567 2734 731 2799 festinato
756 2733 993 2815 congregavit,
1012 2732 1072 2795 sed
1091 2752 1171 2795 oum

197 2840 448 2921 ¹congregatus
466 2838 568 2906 esset,
584 2851 662 2894 cum
679 2831 980 2895 West-Saxonicis
1005 2835 1039 2890 et
1057 2830 1171 2892 Danis

214 2931 380 2993 nolebant
394 2929 558 3008 congredi
568 2928 778 3004 Mercenses‚
794 2929 860 2990 nisi
879 2927 1040 2990 cumillis
1055 2934 1173 2990 essent

215 3046 278 3089 rex
295 3025 503 3106 AEgelredus
531 3033 566 3089 et
590 3027 683 3089 cives
705 3025 989 3088 Lundonienses:
1019 3043 1172 3104 quapro-

214 3132 292 3204 pter
304 3123 523 3203 expeditione
535 3123 686 3197 dimissa,
697 3123 933 3202 unusquisque
944 3121 1034 3183 redit
1044 3122 1080 3182 in
1092 3138 1169 3183 sua.

218 3220 425 3283 Festivitate
454 3239 536 3283 vero
556 3229 754 3295 transacta,
790 3221 915 3282 iterum
945 3219 1170 3281 Eadmundus
1184 3243 1207 3282 1·
1216 3239 1280 3289 agua

218 3318 300 3380 clito
325 3317 491 3398 majorem
515 3319 741 3398 congregavit
767 3317 978 3379 exercitum:
1003 3335 1072 3396 quo
1088 3289 1308 3377 con-“mm''

218 3424 377 3494 gregato,
390 3415 527 3478 nuntios
544 3413 760 3477 Lundoniam
775 3415 880 3489 misit,
893 3432 1020 3493 rogans
1036 3420 1172 3493 patrem

218 3530 330 3586 suum,
347 3521 398 3586 ut,
415 3530 493 3574 cum
507 3514 667 3575 omnibus
687 3531 773 3592 quos
795 3512 919 3573 habere
939 3517 1089 3590 poterat,
1105 3510 1172 3572 sibi

218 3628 321 3690 quam
337 3609 438 3671 citius
453 3617 572 3689 posset
584 3617 799 3673 occurreret:
818 3610 888 3689 qui,
903 3607 1021 3669 multis
1035 3625 1170 3686 pugna-

217 3707 349 3768 toribus
373 3706 588 3781 coadunatis,
604 3707 653 3769 illi
681 3707 883 3769 festinanter
898 3705 1057 3766 occurrit.
1102 3703 1170 3765 Sed

217 3822 294 3865 cum
310 3804 482 3865 exercitus
511 3804 546 3864 in
568 3823 673 3864 unum
696 3803 949 3876 convenissent,
975 3801 1171 3862 intimatum

595 4018 602 4050 ¹
621 4022 682 4070 Sax.
694 4021 787 4070 Chron.
