3098 4770
441 392 631 441 rnonunrn
657 391 934 442 wrcoanrunsrs.
1121 377 1165 441 35

216 547 422 610 reverendus
449 548 491 611 de
519 549 729 613 monasterio
762 548 847 613 Hild
881 549 1077 626 abbatissae,
1103 552 1164 630 qui

216 645 412 722 Deirorum,
431 655 466 709 et
483 647 574 710 Eata
585 647 789 711 venerabilis
808 649 913 711 abbas
923 647 1163 712 Mailrosensis

217 745 375 820 coenobii,
394 745 453 826 qui
470 745 704 809 Berniciorum
716 747 924 828 provinciam
942 749 1162 828 gubernaret.

219 842 289 905 Hic
317 843 352 905 in
381 844 522 907 civitate
548 844 707 921 Eboraci,
731 845 788 908 ille
816 845 851 908 in
874 845 1163 925 Hagustaldensi,

215 940 289 1003 sive
327 940 596 1005 Lindissarnensi
625 942 769 1006 ecclesia
802 942 998 1007 cathedram
1030 943 1163 1007 habens

215 1039 457 1122 episcopalem,
482 1042 582 1104 ambo
610 1040 652 1105 dc
680 1042 923 1106 monachorum
953 1041 1101 1122 collegio
1128 1042 1162 1104 in

214 1139 434 1218 episcopatus
488 1139 632 1220 gradum
677 1139 798 1203 asciti:
846 1159 922 1202 cum
963 1141 1089 1221 quibus
1127 1148 1162 1204 et
1177 1158 1267 1198 menae

215 1235 361 1299 Eathaed
386 1237 420 1298 in
445 1238 622 1318 provincia
650 1238 933 1314 Lindisfarorum,
963 1259 1067 1320 quam
1096 1209 1287 1316 nu-iiiiiss‘d

214 1336 361 1416 perrime
385 1355 448 1398 rex
472 1336 625 1417 Ecgsrid,
643 1346 806 1418 superato
823 1339 858 1400 in
874 1337 963 1401 bello
982 1346 1017 1400 et
1040 1337 1162 1418 fugato
1176 1308 1277 1354 ΨΜ

214 1433 385 1509 Wulfero,
420 1436 627 1511 obtinuerat,
662 1436 840 1498 ordinatur
880 1436 1085 1516 episcopus;
1127 1446 1162 1499 et

213 1532 303 1594 hunc
331 1534 476 1612 primum
492 1534 611 1595 eadem
628 1533 808 1615 provincia
828 1534 1002 1615 proprium
1028 1534 1163 1614 accepit

213 1630 407 1712 presulem,
425 1631 612 1694 secundum
630 1631 849 1707 AEthelwine,
868 1633 1005 1695 tertium
1021 1632 1161 1712 Eadga-

213 1750 301 1806 rum,
322 1739 482 1810 quartum
514 1729 720 1812 cyneberht.
774 1731 937 1793 Habebat
964 1732 1053 1793 enim
1080 1743 1162 1793 ante

213 1828 416 1891 Eathaedum
434 1830 620 1892 antistitem
637 1828 841 1907 Saxwlfirm,
857 1830 916 1909 qui
938 1830 1040 1891 etiam
1067 1828 1162 1890 Mer-

212 1927 342 1989 ciorum
376 1936 410 1990 et
455 1928 786 1991 Mediterraneorum
826 1927 1019 2008 Anglorum
1058 1927 1161 1989 simul

212 2025 395 2106 episcopus
409 2023 493 2102 suit3
520 2025 611 2088 unde
635 2032 671 2089 et
692 2025 858 2106 expulsus
883 2026 925 2088 de
947 2025 1111 2102 Lindissi,
1126 2026 1163 2087 in

210 2122 348 2186 illarum
366 2122 620 2205 provinciarum
637 2123 802 2204 regimine
816 2124 953 2188 mansit.
1001 2123 1181 2187 Ordinati'

213 2230 294 2284 sunt
320 2233 435 2284 autem
459 2221 617 2297 Eathaed,
634 2222 740 2299 Bosa,
770 2228 804 2284 et
828 2221 918 2284 Eata
944 2221 1094 2285 Eboraci
1117 2223 1161 2284 ab

212 2319 472 2402 archiepiscopo
497 2319 705 2385 Theodoro.¹
758 2319 886 2383 Pulsus
909 2340 992 2402 ergo
1018 2321 1063 2383 ab
1087 2322 1159 2402 epi·
1174 2333 1329 2373 Wssrrttheon·

211 2424 358 2499 scopatu
375 2417 515 2481 Wilfrid
547 2418 765 2499 Romamque
797 2419 920 2495 iturae,
948 2420 1006 2482 ubi
1038 2437 1160 2482 navem
1174 2388 1311 2472 ἷθῖῧῗιῖῗω

212 2515 423 2592 conscendit,
449 2515 555 2580 flante
583 2516 734 2593 favonio,
764 2515 917 2580 Fresiam
946 2524 1000 2580 est
1026 2516 1162 2599 pulsus,

212 2615 272 2676 ubi
301 2615 431 2696 primus
460 2634 547 2697 opus
578 2614 814 2697 evangelicum
842 2614 960 2697 coepit,
984 2622 1019 2679 et
1052 2616 1164 2679 multa

211 2712 321 2775 millia
348 2714 573 2776 barbarorum
599 2714 643 2777 ad
669 2713 772 2777 fidem
797 2714 976 2790 convertit,
1002 2713 1163 2776 hiemem-

213 2830 281 2893 que
297 2811 423 2874 ibidem
438 2831 517 2874 cum
534 2831 625 2876 nova
640 2813 708 2876 Dei
724 2810 824 2894 plebe
841 2812 985 2876 feliciter
1002 2809 1147 2892 exegit.2

263 2908 411 2973 Sanctus
428 2909 526 2973 Beda
538 2907 719 2976 nascitur.³
1175 2873 1249 2980 afaru
1243 2874 1309 2980 1:12⁸

264 3007 363 3071 Inter
390 3008 589 3090 Ecgfridum
613 3029 730 3089 regem
759 3007 1106 3090 Northymbrensium
1127 3016 1163 3071 et
1192 3025 1219 3063 A·
1227 3023 1254 3062 1³-
1264 3022 1311 3061 ⁶⁷⁹·

214 3107 452 3169 AEtbelredum
485 3127 600 3188 regem
626 3106 835 3170 Merciorum
869 3116 1028 3171 conserto
1064 3108 1163 3189 gravi
1176 3087 1329 3176 i‡{3{⁰“”⁰

212 3204 348 3286 proelio,
375 3207 482 3289 juxta
513 3207 656 3271 fluvium
686 3206 826 3282 Trenta,
855 3207 988 3270 occisus
1015 3214 1068 3268 est
1099 3226 1163 3268 rex

212 3303 374 3380 Aliwine,
403 3304 510 3368 frater
543 3307 634 3386 regis
674 3305 841 3386 Ecgfridi,
872 3305 971 3388 cujus
1010 3324 1163 3368 sororem

215 3401 441 3485 Osthrytham
481 3424 544 3467 rex
583 3403 763 3466 AEthelred
803 3405 951 3466 babebat
993 3400 1164 3466 uxorem.⁴

215 3501 397 3565 Wilsridus
427 3503 609 3584 episcopus
640 3503 795 3566 Fresiam
827 3501 977 3584 reliquit,
1014 3501 1163 3564 Romam
1177 3512 1273 3551 Wsstith

1139 3600 1145 3613 ,
1175 3568 1261 3602 returns
1271 3565 1295 3599 to

213 3599 319 3673 adiit;
349 3609 383 3663 et
400 3603 457 3663 ubi
484 3602 661 3666 Benedicti
680 3621 779 3684 papae
798 3610 833 3664 et
849 3601 1073 3683 plurimorum
1092 3620 1164 3680 epr-

248 3781 255 3812 ¹
275 3783 311 3832 H.
324 3783 356 3831 E.
368 3795 405 3833 lv.
419 3788 458 3834 12.
702 3788 749 3832 673
760 3800 765 3842 ;
778 3783 881 3832 butMr.
890 3783 1026 3830 Stevensou
1036 3783 1165 3829 considers

701 3849 1167 3983 trucutanae

248 3983 304 4036 ³S.
322 3987 392 4035 Beda
411 3981 540 4054 auxitan]
563 3987 677 4036 Accord·
703 3935 884 4037 colrlrtdiunsivein
897 3953 1092 4037 ravanofo’rr.
1121 3990 1168 4037 See

211 4056 256 4117 ing
275 4063 300 4103 to
325 4055 449 4104 Mabillon
471 4057 497 4103 in
518 4057 558 4104 his
578 4057 634 4104 Lite
653 4053 681 4104 of
704 4058 876 4106 Introduction
888 4063 913 4105 to
927 4057 961 4104 H.
973 4057 1004 4106 E.
1017 4073 1043 4118 p.
1055 4059 1099 4105 vii.

213 4123 296 4186 Beda,
315 4123 327 4189 ξ
351 4129 378 4186 2,
401 4125 473 4173 Beda
491 4141 546 4174 was
569 4127 629 4174 born
652 4127 679 4173 in
740 4125 749 4154 ⁴
769 4128 805 4177 H.
818 4127 849 4177 E.
862 4130 954 4186 ml,
971 4128 1032 4176 Sax.
1046 4127 1139 4176 Chron.

1022 4215 1065 4258 οἳ
