3098 4770
344 333 409 396 164
716 347 923 396 canonicor
1037 342 1041 351 '

346 504 472 574 exitus,
485 519 554 563 non
574 503 648 565 sine
670 503 749 566 dolo
771 508 806 564 et
827 502 1044 565 simulatione
1061 497 1184 561 oblatis
1204 514 1284 559 con·

345 592 544 675 senserunt;
586 600 667 663 licet
702 601 790 663 enim
828 601 877 662 eis
916 598 1094 662 affluenter
1130 601 1285 675 sumptus

346 703 538 775 pararetur,
564 707 600 762 et
625 699 669 761 ad
693 717 758 760 sua
779 705 860 760 vota
883 697 1048 759 tributum
1071 692 1286 776 penderetur,

345 811 414 855 non
431 800 544 857 tamen
559 797 765 860 destiterunt
779 795 861 876 quin
886 794 1058 856 turmatim
1075 811 1136 874 per
1149 790 1285 872 provin-

346 890 417 954 cias
432 893 543 956 nbivis
559 895 800 968 discurrentes,
815 891 916 955 villas
936 891 1168 963 devastarent,
1184 888 1286 949 rebus

345 989 418 1052 suis
443 991 584 1054 miseros
604 992 770 1072 quosdam
791 990 990 1072 spoliarent,
1015 987 1180 1069 quosdam
1205 1002 1286 1047 vero

182 1102 310 1143 tuone·
345 1097 516 1151 necarent.
577 1088 632 1153 Aa
667 1089 838 1161 ultimum,
869 1089 958 1150 inter
990 1084 1217 1150 Nativitatem
1248 1081 1284 1144 S.

182 1153 295 1248 tihi?
347 1184 470 1246 Marrae
488 1184 527 1263 [s
544 1184 669 1266 Sept.],
686 1193 722 1246 et
740 1184 776 1247 s.
794 1185 975 1247 Michaelis
991 1182 1210 1246 saevitatem
1227 1178 1287 1260 [ao

181 1250 324 1346 {333th
346 1279 472 1361 Sept.],
494 1280 725 1345 Cantwariam
747 1281 1053 1354 circumvallantes,
1072 1277 1285 1343 obsederunt.

181 1349 333 1438 {lihihih
347 1377 522 1442 Vicesimo
546 1387 661 1442 autem
680 1381 865 1444 obsidionis
885 1380 952 1456 die,
974 1398 1035 1460 per
1052 1376 1192 1440 insidias
1213 1374 1288 1437 AEl-

347 1477 433 1538 mari
459 1476 702 1554 archidiaconi,
730 1496 831 1558 quem
858 1477 893 1540 S.
915 1476 1094 1558 Alphegns
1120 1493 1162 1537 ne
1186 1473 1287 1535 morti

347 1574 541 1638 traderetur
560 1577 655 1658 prius
673 1576 809 1657 eripuit,
824 1594 904 1658 pars
920 1574 1068 1639 civitatis
1087 1570 1288 1645 incenditur,

183 1690 256 1778 5232
256 1691 324 1778 3201-
346 1675 519 1737 exercitus
534 1675 736 1756 ingreditur,
747 1676 830 1737 urbs
844 1675 997 1755 capitur;
1014 1672 1073 1737 alii
1088 1672 1175 1734 ferro
1185 1670 1288 1752 jugu-

196 1785 200 1791 ·
293 1766 300 1778 '
346 1768 473 1846 lantnr,
498 1773 557 1834 alii
579 1772 724 1835 flammis
741 1779 1000 1846 consumuntur,
1017 1772 1133 1853 plures
1152 1785 1286 1851 qnoque

347 1865 389 1929 de
409 1869 515 1956 muris
536 1870 729 1948 praecipites
743 1869 879 1943 dantur,
897 1870 1053 1932 nonnulli
1067 1887 1129 1948 per
1140 1864 1288 1928 verenda

345 1965 502 2044 suspensi
522 1964 707 2039 deficiunt;
730 1972 898 2028 matronae
916 1965 1064 2027 crinibus
1080 1983 1142 2044 per
1155 1962 1287 2043 plateas

346 2063 497 2126 civitatis
510 2062 698 2139 distractae,
713 2062 848 2126 demum
864 2062 1010 2125 flammis
1024 2061 1171 2143 injectae,
1185 2058 1287 2120 mori·

346 2167 472 2239 untur;
506 2161 645 2241 parvuli
669 2180 691 2225 a
715 2171 861 2224 matrum
888 2162 1048 2224 uberibus
1077 2157 1199 2232 avulsi,
1225 2162 1288 2220 aut

346 2256 474 2319 lanceis
495 2259 726 2344 excipiuntur,
740 2264 801 2321 aut
820 2267 1002 2339 superaeto
1023 2276 1120 2322 carro
1140 2255 1287 2318 minuta·

345 2354 407 2416 tim
429 2360 662 2418 conternntur.
714 2354 853 2418 Interea
872 2355 1093 2436 archipraesul
1109 2344 1286 2435 Alphegus

342 2451 667 2533 capitur,-vincitur‚
684 2460 831 2528 tenetur,
842 2460 877 2517 et
891 2453 993 2516 variis
1008 2453 1116 2515 modis
1131 2449 1286 2512 afficitur.

229 2561 232 2568 '
346 2548 522 2614 AElmarus
551 2551 660 2614 abbas
689 2551 887 2613 monasterii
916 2550 951 2613 S.
976 2541 1164 2630 Augustini
1193 2545 1288 2609 abire

345 2649 566 2727 permittitur.
613 2637 803 2728 Cupiuntnr
815 2646 1006 2712 Godwinus
1019 2646 1200 2711 Hrosensis
1215 2635 1286 2726 epi·

344 2763 482 2827 scopus,
498 2745 672 2810 Leofruna
686 2733 862 2810 abbatissa
876 2736 1073 2809 monasterii
1091 2743 1126 2806 S.
1143 2742 1287 2823 Mildry·

345 2842 440 2919 thae,¹
457 2843 632 2906 AElfredns
647 2845 738 2924 regis
750 2844 969 2925 praepositus,
981 2841 1139 2906 monachi
1151 2832 1287 2920 qnoque

345 2948 380 3004 et
395 2941 521 3016 clerici,
539 2942 756 3023 populusque
776 2943 955 3023 utriusque
977 2959 1081 3004 sexus
1096 2927 1288 3002 innumera-

345 3038 433 3102 bilis.
485 3039 579 3103 Exin
594 3040 738 3103 ecclesia
760 3039 888 3103 Christi
905 3037 1054 3119 spoliata
1068 3035 1291 3108 comburitur,

345 3154 433 3214 grex
448 3136 649 3200 monachilis
665 3147 699 3200 et
712 3137 814 3199 turba
829 3135 949 3211 virilis,
964 3135 1025 3197 sed
1038 3132 1212 3196 muliebris
1225 3151 1289 3196 nec

345 3233 524 3309 infantilis,
542 3234 743 3309 decimatur,
760 3253 883 3297 novem
899 3233 1123 3305 trucidantur,
1138 3230 1288 3292 decimus

346 3330 426 3394 vitae
451 3339 660 3395 reservatur.
713 3331 873 3408 Quatuor
904 3329 1079 3394 monachis
1109 3335 1144 3391 et
1173 3343 1288 3390 mccc.

345 3426 428 3488 viris
460 3427 706 3491 decimatorum
738 3448 872 3492 summa
903 3428 1086 3510 perficitur.
1153 3424 1289 3506 Populo

345 3541 448 3598 caeso,
480 3526 564 3587 urbe
598 3525 759 3605 spoliata,
799 3534 833 3588 et
866 3534 940 3589 tota
980 3531 1142 3598 cremata,
1176 3523 1289 3585 archi·

344 3620 471 3699 praesul
494 3621 676 3702 Alphegus
701 3624 837 3685 vinctus
863 3623 1066 3694 extrahitur,
1091 3621 1288 3702 impellitur,

344 3719 498 3796 graviter
521 3721 709 3795 sauciatur,
733 3719 776 3781 ad
803 3720 947 3783 classem
978 3719 1125 3793 ducitur,
1151 3724 1228 3798 post
1253 3717 1288 3778 in

340 3832 514 3878 ‚carcerem
537 3817 734 3892 retruditur,
754 3817 869 3898 ibique
889 3833 951 3878 vn.
971 3816 1144 3879 mensibus
1169 3813 1290 3892 affligi·

546 4031 556 4064 ¹
575 4034 604 4083 S.
616 4035 781 4098 aliturum]
804 4036 889 4082 In‘the
901 4036 947 4082 isle
959 4035 988 4081 oi
994 4034 1100 4081 Thwet.
