3098 4770
346 301 412 366 168
687 327 690 334 ·
713 315 921 363 cunourcou

180 491 301 588 amr·
348 469 590 536 tem-Domini
618 469 654 530 in
683 469 743 532 illa
772 469 967 533 celebravit.
1028 468 1109 546 Qua
1136 477 1291 550 peracta,

181 569 311 631 mizlai·
349 567 615 632 Nortmanniam
645 566 834 641 devehitur,
865 573 900 630 et
931 586 953 630 a
985 565 1137 632 Ricardo
1166 568 1292 630 comite

182 639 269 747 bili:
348 663 535 727 honorifice
562 665 756 748 suscipitur.
808 663 946 727 Interea
966 665 1102 728 Suanus
1124 671 1292 746 tyrannus

181 737 323 835 {prmo
348 781 422 824 suae
442 763 546 825 classi
566 771 698 827 sumtus
720 762 898 826 affluenter·
916 764 1043 843 parari,
1066 770 1102 825 et
1126 762 1292 826 tributum

184 836 310 924 ilitio,
347 860 419 922 sere
456 861 672 943 importabile
705 861 794 923 solvi
824 860 1006 940 praecepit:
1045 859 1202 922 similiter
1232 879 1293 940 per

182 934 310 1021 {illini
349 959 465 1022 omnia
486 978 600 1024 comcs
620 958 797 1022 Turkillus
819 957 932 1032 classi,
948 976 1025 1038 quae
1045 955 1137 1037 apud
1161 954 1292 1019 Grone-

183 1031 293 1072 ΝΜ
348 1057 414 1119 wic
425 1057 580 1139 jacebat,
590 1056 678 1119 solvi
693 1055 881 1119 mandavit.
908 1055 956 1119 Et
967 1073 1070 1135 super
1081 1054 1155 1116 baec
1166 1054 1293 1127 omnia,

348 1161 496 1232 uterque
514 1153 650 1215 illorum
672 1153 940 1232 quotiescunque
962 1153 1011 1214 eis
1028 1151 1188 1226 libuerat,
1204 1171 1293 1232 prae·

348 1249 411 1310 das
428 1256 585 1328 egerunt,
599 1255 634 1310 et
648 1247 757 1310 multa
770 1248 863 1311 mala
877 1245 1052 1323 fecerunt,¹

198 1373 327 1413 annon.
400 1345 538 1409 Suanus
548 1353 725 1426 tyrannus,
736 1354 814 1426 post
823 1344 1084 1410 innumerabilia
1095 1352 1131 1408 et
1142 1345 1295 1409 crudelia

185 1436 328 1476 ⁸'‘¹¹¹¹‘'¹“
349 1443 453 1518 mala,
470 1462 548 1523 quae
562 1443 618 1505 vel
633 1445 669 1504 in
688 1442 817 1522 Anglia
832 1443 886 1506 vel
909 1444 946 1505 in
969 1444 1045 1506 aliis
1062 1443 1161 1506 terris
1177 1462 1294 1523 gesse·

183 1488 292 1525 contribu-

184 1537 318 1624 difflui}
349 1549 416 1618 rat,
433 1542 476 1604 ad
492 1541 666 1603 cumulum
692 1559 764 1602 suae
778 1540 1017 1615 damnationis
1034 1560 1077 1603 ex
1093 1541 1221 1622 oppido
1237 1541 1295 1602 ubi

184 1635 245 1681 lm·
349 1659 475 1721 corpus
505 1639 646 1721 pretiosi
667 1639 826 1719 martyris
844 1638 1037 1701 Eadmundi
1059 1640 1295 1720 incorruptum

349 1739 547 1818 requiescit,
572 1737 662 1817 quod
688 1755 787 1799 nemo
812 1737 907 1817 prius
934 1737 1083 1799 audebat
1111 1736 1224 1800 facere
1250 1756 1293 1798 ex

349 1852 419 1912 quo
449 1835 484 1895 id
515 1833 679 1914 oppidum
704 1834 821 1895 datum
845 1833 957 1895 fuerat
979 1835 1159 1897 memorati
1182 1835 1296 1896 sancti

350 1930 518 2004 ecclesiae,
559 1928 688 2009 grande
718 1929 882 1991 tributum
917 1947 1022 1990 ausus
1052 1936 1106 1991 est
1134 1931 1295 2010 exigeret

351 2027 486 2106 quodsi
499 2027 569 2090 cito
583 2046 650 2089 non
662 2026 878 2107 penderetur,
893 2044 929 2088 se
944 2024 1168 2106 proculdubio
1182 2027 1302 2107 ipsum·

350 2124 514 2206 oppidum
534 2144 611 2188 cum
633 2123 812 2204 oppidanis
827 2129 1068 2197 crematurum,
1083 2123 1192 2204 ipsius
1209 2142 1298 2186 mar·

351 2222 438 2302 tyris
458 2222 639 2284 ecclesiam
664 2221 816 2283 funditus
843 2239 1052 2295 eversurum,
1069 2221 1213 2284 clericos
1235 2240 1296 2285 va·

348 2318 410 2379 riis
434 2318 547 2379 modis
572 2317 813 2390 cruciaturum,
837 2318 987 2379 minatus
1012 2325 1066 2381 est
1094 2319 1296 2399 saepissime.

276 2408 280 2415 ⁴
350 2413 499 2494 Insuper
513 2414 709 2495 frequenter
730 2413 797 2494 ipsi
818 2414 961 2495 martyri
975 2415 1093 2476 multis
1114 2416 1226 2478 modis
1238 2417 1298 2478 de·

326 2516 328 2519 ’
349 2511 499 2587 trahere,
510 2508 551 2576 'et
569 2511 666 2575 illum
680 2511 729 2573 nil
743 2512 936 2574 sanctitatis
954 2511 1091 2587 habere,
1107 2511 1175 2573 fuit
1192 2530 1299 2574 ausus

350 2607 486 2672 dicere:
510 2616 548 2673 at
571 2608 652 2690 quia
678 2609 816 2671 modum
842 2627 915 2671 suae
940 2597 1081 2672 malitiae
1104 2608 1217 2672 noluit
1237 2629 1300 2690 po-

350 2724 444 2781 nere,
459 2707 547 2769 ultio
563 2706 680 2769 divina
695 2725 764 2768 non
787 2705 942 2786 permisit
961 2705 1199 2787 blasphemum
1223 2705 1299 2768 diu·
1359 2766 1363 2773 .

350 2803 421 2865 tius
453 2804 580 2866 vivere.
605 2802 792 2884 -Denique
823 2803 1019 2865 imminente
1045 2822 1191 2884 vespera
1220 2803 1299 2879 diei,

351 2900 472 2979 quain
487 2899 638 2980 generali
662 2900 803 2981 placito,
822 2901 913 2980 quod
929 2900 1021 2981 apud
1048 2898 1299 2981 Geagnesburh

351 3003 520 3071 tenuerat,
532 2997 605 3060 haeo
620 2996 739 3060 eadem
754 2997 914 3060 minitans
930 2997 1116 3070 reiteravit,
1132 3015 1211 3060 cum
1226 2999 1300 3061 Da·

351 3088 474 3155 norum
502 3095 619 3158 cuneis
656 3094 934 3157 circumvallatus
960 3101 1051 3158 esset
1076 3093 1299 3169 densissimis,

351 3189 387 3253 S.
407 3192 648 3254 Eadmundum
663 3211 707 3253 ex
729 3191 873 3254 adverso
887 3193 1081 3254 venientem
1104 3192 1199 3255 solus
1214 3191 1301 3255 vidit

351 3296 534 3351 armatum.
589 3287 701 3364 Quem
717 3308 792 3351 cum
808 3288 961 3364 vidisset,
977 3288 1130 3369 expavit,
1147 3295 1182 3350 et
1196 3289 1302 3352 nimio

351 3403 428 3445 cum
450 3385 600 3447 clamore
632 3386 811 3449 vociferari
837 3387 955 3466 coepit,
981 3385 1221 3460 ‘Succurrite,'
1248 3386 1299 3447 in·

351 3482 484 3560 quiens,
511 3482 791 3555 ‘commilitones
816 3484 1024 3558 succurrite3
1054 3502 1133 3545 ecce
1159 3490 1302 3546 sanctus

352 3577 577 3640 Eadmundus
597 3597 651 3640 me
667 3580 761 3641 venit
776 3579 962 3657 occidere3’
985 3587 1020 3642 et
1044 3579 1118 3642 baec
1144 3579 1301 3656 dicendo,

351 3676 476 3737 acriter
502 3694 524 3737 a
547 3682 666 3738 sancto
682 3675 858 3737 confossus
880 3677 1031 3757 cuspide,
1047 3677 1089 3740 de
1113 3677 1303 3750 emissario,

350 3773 405 3834 cui
436 3772 621 3846 insederat,
639 3772 777 3847 decidit,
793 3779 827 3835 et
841 3792 952 3855 usque
978 3775 1020 3837 ad
1049 3775 1161 3838 noctis
1178 3793 1300 3855 crepu-

729 3981 737 4014 ¹
755 3985 815 4034 Sex.
827 3985 921 4034 Cluen.
