<?xml version="1.0" encoding="UTF-8"?>
<!DOCTYPE html PUBLIC "-//W3C//DTD XHTML 1.0 Transitional//EN"
    "http://www.w3.org/TR/xhtml1/DTD/xhtml1-transitional.dtd">
<html xmlns="http://www.w3.org/1999/xhtml" xml:lang="en" lang="en">
 <head>
  <title>
</title>
<meta http-equiv="Content-Type" content="text/html;charset=utf-8" />
  <meta name='ocr-system' content='tesseract 3.04.00' />
  <meta name='ocr-capabilities' content='ocr_page ocr_carea ocr_par ocr_line ocrx_word'/>
</head>
<body>
  <div class='ocr_page' id='page_1' title='image "./florentiiwigorn00florgoog_0286.png"; bbox 0 0 3098 4770; ppageno 0'>
   <div class='ocr_carea' id='block_1_1' title="bbox 437 360 1169 422">
    <p class='ocr_par' dir='ltr' id='par_1_1' title="bbox 437 360 1169 422">
     <span class='ocr_line' id='line_1_1' title="bbox 437 360 1169 422; baseline 0.001 -1"><span class='ocrx_word' id='word_1_1' title='bbox 437 374 628 422; x_wconf 76' lang='lat' dir='ltr'>aconauru</span> <span class='ocrx_word' id='word_1_2' title='bbox 658 373 939 421; x_wconf 80' lang='lat' dir='ltr'>wrconurnusrs.</span> <span class='ocrx_word' id='word_1_3' title='bbox 1102 360 1169 422; x_wconf 77' lang='lat'>277</span> 
     </span>
    </p>
   </div>
   <div class='ocr_carea' id='block_1_2' title="bbox 477 588 894 630">
    <p class='ocr_par' dir='ltr' id='par_1_2' title="bbox 477 588 894 630">
     <span class='ocr_line' id='line_1_2' title="bbox 477 588 894 630; baseline 0 -1"><span class='ocrx_word' id='word_1_4' title='bbox 477 590 515 629; x_wconf 80' lang='lat' dir='ltr'>DE</span> <span class='ocrx_word' id='word_1_5' title='bbox 536 588 632 629; x_wconf 77' lang='lat' dir='ltr'>REGNO</span> <span class='ocrx_word' id='word_1_6' title='bbox 654 588 894 630; x_wconf 71' lang='lat' dir='ltr'>osstntouurd.</span> 
     </span>
    </p>
   </div>
   <div class='ocr_carea' id='block_1_3' title="bbox 209 699 1172 976">
    <p class='ocr_par' dir='ltr' id='par_1_3' title="bbox 209 699 1172 976">
     <span class='ocr_line' id='line_1_3' title="bbox 259 699 1169 780; baseline 0.001 -18"><span class='ocrx_word' id='word_1_7' title='bbox 259 701 384 762; x_wconf 80' lang='lat' dir='ltr'>Reuns</span> <span class='ocrx_word' id='word_1_8' title='bbox 419 699 697 762; x_wconf 85' lang='lat' dir='ltr'>Cantwariorum</span> <span class='ocrx_word' id='word_1_9' title='bbox 730 699 997 761; x_wconf 84' lang='lat' dir='ltr'>dominabantur</span> <span class='ocrx_word' id='word_1_10' title='bbox 1030 701 1169 780; x_wconf 81' lang='lat' dir='ltr'><strong>proprie</strong></span> 
     </span>
     <span class='ocr_line' id='line_1_4' title="bbox 209 797 1172 878; baseline 0.002 -21"><span class='ocrx_word' id='word_1_11' title='bbox 209 799 244 858; x_wconf 91' lang='lat' dir='ltr'>in</span> <span class='ocrx_word' id='word_1_12' title='bbox 262 797 402 873; x_wconf 80' lang='lat' dir='ltr'>Cautio,</span> <span class='ocrx_word' id='word_1_13' title='bbox 424 799 547 878; x_wconf 92' lang='lat' dir='ltr'>inquo</span> <span class='ocrx_word' id='word_1_14' title='bbox 570 806 652 860; x_wconf 90' lang='lat' dir='ltr'>suut</span> <span class='ocrx_word' id='word_1_15' title='bbox 675 797 711 858; x_wconf 90' lang='lat' dir='ltr'>bi</span> <span class='ocrx_word' id='word_1_16' title='bbox 733 799 973 878; x_wconf 88' lang='lat' dir='ltr'>episcopatus:</span> <span class='ocrx_word' id='word_1_17' title='bbox 999 797 1172 878; x_wconf 87' lang='lat' dir='ltr'>archiepi-</span> 
     </span>
     <span class='ocr_line' id='line_1_5' title="bbox 211 895 1108 976; baseline 0.002 -21"><span class='ocrx_word' id='word_1_18' title='bbox 211 906 376 975; x_wconf 86' lang='lat' dir='ltr'>scopatus</span> <span class='ocrx_word' id='word_1_19' title='bbox 397 895 608 958; x_wconf 88' lang='lat' dir='ltr'>Cautwariae</span> <span class='ocrx_word' id='word_1_20' title='bbox 627 903 661 957; x_wconf 90' lang='lat' dir='ltr'>et</span> <span class='ocrx_word' id='word_1_21' title='bbox 676 896 894 976; x_wconf 87' lang='lat' dir='ltr'>episcopatus</span> <span class='ocrx_word' id='word_1_22' title='bbox 912 895 1108 958; x_wconf 78' lang='lat' dir='ltr'>Hroseusis</span> 
     </span>
    </p>
   </div>
   <div class='ocr_carea' id='block_1_4' title="bbox 481 1102 894 1144">
    <p class='ocr_par' dir='ltr' id='par_1_4' title="bbox 481 1102 894 1144">
     <span class='ocr_line' id='line_1_6' title="bbox 481 1102 894 1144; baseline 0 -2"><span class='ocrx_word' id='word_1_23' title='bbox 481 1103 518 1142; x_wconf 81' lang='lat' dir='ltr'>DE</span> <span class='ocrx_word' id='word_1_24' title='bbox 539 1103 634 1144; x_wconf 76' lang='lat' dir='ltr'>REGNO</span> <span class='ocrx_word' id='word_1_25' title='bbox 656 1102 894 1144; x_wconf 67' lang='lat' dir='ltr'>wass-sexennii.</span> 
     </span>
    </p>
   </div>
   <div class='ocr_carea' id='block_1_5' title="bbox 213 1211 1173 1975">
    <p class='ocr_par' dir='ltr' id='par_1_5' title="bbox 213 1211 1173 1975">
     <span class='ocr_line' id='line_1_7' title="bbox 263 1211 1171 1274; baseline 0.002 -2"><span class='ocrx_word' id='word_1_26' title='bbox 263 1212 388 1274; x_wconf 83' lang='lat' dir='ltr'>Rncns</span> <span class='ocrx_word' id='word_1_27' title='bbox 404 1212 704 1274; x_wconf 80' lang='lat' dir='ltr'>&#39;West-Saxonum</span> <span class='ocrx_word' id='word_1_28' title='bbox 719 1213 984 1274; x_wconf 86' lang='lat' dir='ltr'>dominabantur</span> <span class='ocrx_word' id='word_1_29' title='bbox 999 1212 1034 1274; x_wconf 91' lang='lat' dir='ltr'>in</span> <span class='ocrx_word' id='word_1_30' title='bbox 1048 1211 1171 1274; x_wconf 90' lang='lat' dir='ltr'>Wilte·</span> 
     </span>
     <span class='ocr_line' id='line_1_8' title="bbox 213 1309 1170 1391; baseline 0.002 -21"><span class='ocrx_word' id='word_1_31' title='bbox 213 1311 301 1372; x_wconf 90' lang='lat' dir='ltr'>scire</span> <span class='ocrx_word' id='word_1_32' title='bbox 326 1319 360 1372; x_wconf 90' lang='lat' dir='ltr'>et</span> <span class='ocrx_word' id='word_1_33' title='bbox 382 1309 599 1385; x_wconf 87' lang='lat' dir='ltr'>Berkescire,</span> <span class='ocrx_word' id='word_1_34' title='bbox 618 1318 653 1372; x_wconf 91' lang='lat' dir='ltr'>et</span> <span class='ocrx_word' id='word_1_35' title='bbox 671 1311 872 1372; x_wconf 88' lang='lat' dir='ltr'>Dorsetensi</span> <span class='ocrx_word' id='word_1_36' title='bbox 892 1311 1015 1390; x_wconf 81' lang='lat' dir='ltr'>pagis3</span> <span class='ocrx_word' id='word_1_37' title='bbox 1044 1312 1170 1391; x_wconf 90' lang='lat' dir='ltr'>quibus</span> 
     </span>
     <span class='ocr_line' id='line_1_9' title="bbox 215 1407 1172 1488; baseline 0 -19"><span class='ocrx_word' id='word_1_38' title='bbox 215 1416 267 1469; x_wconf 89' lang='lat' dir='ltr'>est</span> <span class='ocrx_word' id='word_1_39' title='bbox 290 1427 380 1469; x_wconf 92' lang='lat' dir='ltr'>unus</span> <span class='ocrx_word' id='word_1_40' title='bbox 404 1409 600 1488; x_wconf 88' lang='lat' dir='ltr'>episcopus,</span> <span class='ocrx_word' id='word_1_41' title='bbox 617 1407 716 1487; x_wconf 91' lang='lat' dir='ltr'>cujus</span> <span class='ocrx_word' id='word_1_42' title='bbox 735 1416 788 1470; x_wconf 91' lang='lat' dir='ltr'>est</span> <span class='ocrx_word' id='word_1_43' title='bbox 811 1407 911 1470; x_wconf 91' lang='lat' dir='ltr'>modo</span> <span class='ocrx_word' id='word_1_44' title='bbox 934 1408 1032 1470; x_wconf 90' lang='lat' dir='ltr'>sedes</span> <span class='ocrx_word' id='word_1_45' title='bbox 1056 1408 1172 1470; x_wconf 89' lang='lat' dir='ltr'>Sales-</span> 
     </span>
     <span class='ocr_line' id='line_1_10' title="bbox 214 1505 1169 1586; baseline 0.002 -20"><span class='ocrx_word' id='word_1_46' title='bbox 214 1507 340 1582; x_wconf 80' lang='lat' dir='ltr'>buriae3</span> <span class='ocrx_word' id='word_1_47' title='bbox 364 1506 539 1586; x_wconf 89' lang='lat' dir='ltr'>quondam</span> <span class='ocrx_word' id='word_1_48' title='bbox 556 1514 630 1567; x_wconf 89' lang='lat' dir='ltr'>erat</span> <span class='ocrx_word' id='word_1_49' title='bbox 651 1505 704 1567; x_wconf 89' lang='lat' dir='ltr'>vel</span> <span class='ocrx_word' id='word_1_50' title='bbox 726 1506 964 1568; x_wconf 85' lang='lat' dir='ltr'>Ramesburiae</span> <span class='ocrx_word' id='word_1_51' title='bbox 981 1506 1036 1568; x_wconf 91' lang='lat' dir='ltr'>vel</span> <span class='ocrx_word' id='word_1_52' title='bbox 1056 1506 1169 1568; x_wconf 89' lang='lat' dir='ltr'>Scire-</span> 
     </span>
     <span class='ocr_line' id='line_1_11' title="bbox 216 1604 1170 1684; baseline 0.001 -20"><span class='ocrx_word' id='word_1_53' title='bbox 216 1606 354 1674; x_wconf 79' lang='lat' dir='ltr'>burnae;</span> <span class='ocrx_word' id='word_1_54' title='bbox 381 1605 465 1666; x_wconf 90' lang='lat' dir='ltr'>etin</span> <span class='ocrx_word' id='word_1_55' title='bbox 489 1604 699 1679; x_wconf 83' lang='lat' dir='ltr'>Sutlr-Sexa,</span> <span class='ocrx_word' id='word_1_56' title='bbox 717 1623 793 1684; x_wconf 87' lang='lat' dir='ltr'>quae</span> <span class='ocrx_word' id='word_1_57' title='bbox 814 1605 992 1684; x_wconf 85' lang='lat' dir='ltr'>aliquanto</span> <span class='ocrx_word' id='word_1_58' title='bbox 1017 1612 1170 1684; x_wconf 90' lang='lat' dir='ltr'>tempore</span> 
     </span>
     <span class='ocr_line' id='line_1_12' title="bbox 216 1702 1171 1782; baseline 0.001 -22"><span class='ocrx_word' id='word_1_59' title='bbox 216 1702 335 1764; x_wconf 87' lang='lat' dir='ltr'>habuit</span> <span class='ocrx_word' id='word_1_60' title='bbox 351 1704 528 1782; x_wconf 87' lang='lat' dir='ltr'>proprium</span> <span class='ocrx_word' id='word_1_61' title='bbox 545 1722 673 1780; x_wconf 79' lang='lat' dir='ltr'>regem,</span> <span class='ocrx_word' id='word_1_62' title='bbox 690 1710 833 1782; x_wconf 89' lang='lat' dir='ltr'>eratque</span> <span class='ocrx_word' id='word_1_63' title='bbox 851 1703 949 1763; x_wconf 89' lang='lat' dir='ltr'>sedes</span> <span class='ocrx_word' id='word_1_64' title='bbox 964 1703 1171 1781; x_wconf 90' lang='lat' dir='ltr'>episcopalis</span> 
     </span>
     <span class='ocr_line' id='line_1_13' title="bbox 215 1796 1173 1877; baseline 0.001 -19"><span class='ocrx_word' id='word_1_65' title='bbox 215 1798 292 1877; x_wconf 89' lang='lat' dir='ltr'>ejus</span> <span class='ocrx_word' id='word_1_66' title='bbox 318 1798 399 1877; x_wconf 80' lang='lat' dir='ltr'>pagi</span> <span class='ocrx_word' id='word_1_67' title='bbox 424 1797 619 1876; x_wconf 63' lang='lat' dir='ltr'>,antiquitus</span> <span class='ocrx_word' id='word_1_68' title='bbox 649 1797 683 1857; x_wconf 91' lang='lat' dir='ltr'>in</span> <span class='ocrx_word' id='word_1_69' title='bbox 705 1796 847 1871; x_wconf 89' lang='lat' dir='ltr'>Selesia‚</span> <span class='ocrx_word' id='word_1_70' title='bbox 873 1817 950 1877; x_wconf 90' lang='lat' dir='ltr'>quae</span> <span class='ocrx_word' id='word_1_71' title='bbox 977 1807 1029 1859; x_wconf 88' lang='lat' dir='ltr'>est</span> <span class='ocrx_word' id='word_1_72' title='bbox 1056 1798 1173 1860; x_wconf 91' lang='lat' dir='ltr'>insula</span> 
     </span>
     <span class='ocr_line' id='line_1_14' title="bbox 215 1894 1171 1975; baseline 0.003 -20"><span class='ocrx_word' id='word_1_73' title='bbox 215 1895 418 1956; x_wconf 84' lang='lat' dir='ltr'>circumflua</span> <span class='ocrx_word' id='word_1_74' title='bbox 456 1902 576 1975; x_wconf 90' lang='lat' dir='ltr'>ponto,</span> <span class='ocrx_word' id='word_1_75' title='bbox 609 1903 649 1957; x_wconf 89' lang='lat' dir='ltr'>ut</span> <span class='ocrx_word' id='word_1_76' title='bbox 679 1894 776 1957; x_wconf 91' lang='lat' dir='ltr'>Beda</span> <span class='ocrx_word' id='word_1_77' title='bbox 809 1904 936 1972; x_wconf 86' lang='lat' dir='ltr'>narrat,</span> <span class='ocrx_word' id='word_1_78' title='bbox 969 1897 1028 1958; x_wconf 93' lang='lat' dir='ltr'>ubi</span> <span class='ocrx_word' id='word_1_79' title='bbox 1066 1897 1171 1958; x_wconf 86' lang='lat' dir='ltr'>etiam</span> 
     </span>
    </p>
   </div>
   <div class='ocr_carea' id='block_1_6' title="bbox 216 2086 1175 2834">
    <p class='ocr_par' dir='ltr' id='par_1_6' title="bbox 216 2086 1175 2834">
     <span class='ocr_line' id='line_1_15' title="bbox 217 2086 1171 2148; baseline 0.002 -15"><span class='ocrx_word' id='word_1_80' title='bbox 217 2088 280 2135; x_wconf 69' lang='lat' dir='ltr'>nos!</span> <span class='ocrx_word' id='word_1_81' title='bbox 297 2087 417 2146; x_wconf 86' lang='lat' dir='ltr'>Initoque</span> <span class='ocrx_word' id='word_1_82' title='bbox 428 2086 546 2145; x_wconf 90' lang='lat' dir='ltr'>consilio,</span> <span class='ocrx_word' id='word_1_83' title='bbox 554 2086 683 2145; x_wconf 83' lang='lat' dir='ltr'>Stephano</span> <span class='ocrx_word' id='word_1_84' title='bbox 709 2091 778 2147; x_wconf 83' lang='lat' dir='ltr'>geret</span> <span class='ocrx_word' id='word_1_85' title='bbox 796 2088 983 2147; x_wconf 84' lang='lat' dir='ltr'>remansissent,</span> <span class='ocrx_word' id='word_1_86' title='bbox 995 2092 1053 2135; x_wconf 80' lang='lat' dir='ltr'>ante</span> <span class='ocrx_word' id='word_1_87' title='bbox 1070 2093 1171 2148; x_wconf 86' lang='lat' dir='ltr'>tempus</span> 
     </span>
     <span class='ocr_line' id='line_1_16' title="bbox 216 2155 1172 2216; baseline 0.002 -14"><span class='ocrx_word' id='word_1_88' title='bbox 216 2156 311 2215; x_wconf 89' lang='lat' dir='ltr'>comiti,</span> <span class='ocrx_word' id='word_1_89' title='bbox 332 2155 404 2202; x_wconf 86' lang='lat' dir='ltr'>fratri</span> <span class='ocrx_word' id='word_1_90' title='bbox 423 2155 606 2201; x_wconf 90' lang='lat' dir='ltr'>Wintouiensis</span> <span class='ocrx_word' id='word_1_91' title='bbox 628 2155 683 2214; x_wconf 85' lang='lat' dir='ltr'>epi·</span> <span class='ocrx_word' id='word_1_92' title='bbox 709 2155 782 2202; x_wconf 79' lang='lat' dir='ltr'>falcis</span> <span class='ocrx_word' id='word_1_93' title='bbox 801 2155 834 2202; x_wconf 87' lang='lat' dir='ltr'>ad</span> <span class='ocrx_word' id='word_1_94' title='bbox 852 2170 926 2203; x_wconf 89' lang='lat' dir='ltr'>usum</span> <span class='ocrx_word' id='word_1_95' title='bbox 945 2171 1067 2215; x_wconf 86' lang='lat' dir='ltr'>equorum</span> <span class='ocrx_word' id='word_1_96' title='bbox 1087 2159 1172 2216; x_wconf 89' lang='lat' dir='ltr'>potius</span> 
     </span>
     <span class='ocr_line' id='line_1_17' title="bbox 217 2223 1172 2283; baseline 0.002 -13"><span class='ocrx_word' id='word_1_97' title='bbox 217 2225 297 2283; x_wconf 91' lang='lat' dir='ltr'>scopi,</span> <span class='ocrx_word' id='word_1_98' title='bbox 308 2225 394 2282; x_wconf 89' lang='lat' dir='ltr'>nepoti</span> <span class='ocrx_word' id='word_1_99' title='bbox 406 2223 474 2283; x_wconf 84' lang='lat' dir='ltr'>regis</span> <span class='ocrx_word' id='word_1_100' title='bbox 487 2223 603 2282; x_wconf 89' lang='lat' dir='ltr'>Henrici,</span> <span class='ocrx_word' id='word_1_101' title='bbox 613 2236 683 2269; x_wconf 90' lang='lat' dir='ltr'>coro·</span> <span class='ocrx_word' id='word_1_102' title='bbox 709 2237 784 2283; x_wconf 88' lang='lat' dir='ltr'>quarn</span> <span class='ocrx_word' id='word_1_103' title='bbox 796 2224 829 2270; x_wconf 87' lang='lat' dir='ltr'>ad</span> <span class='ocrx_word' id='word_1_104' title='bbox 841 2224 969 2272; x_wconf 90' lang='lat' dir='ltr'>hominum</span> <span class='ocrx_word' id='word_1_105' title='bbox 981 2225 1107 2272; x_wconf 83' lang='lat' dir='ltr'>hostiliter</span> <span class='ocrx_word' id='word_1_106' title='bbox 1117 2226 1172 2273; x_wconf 92' lang='lat' dir='ltr'>dis-</span> 
     </span>
     <span class='ocr_line' id='line_1_18' title="bbox 217 2291 1171 2354; baseline 0.003 -15"><span class='ocrx_word' id='word_1_107' title='bbox 217 2306 273 2339; x_wconf 85' lang='lat' dir='ltr'>nam</span> <span class='ocrx_word' id='word_1_108' title='bbox 286 2293 357 2352; x_wconf 82' lang='lat' dir='ltr'>regni</span> <span class='ocrx_word' id='word_1_109' title='bbox 369 2293 554 2351; x_wconf 89' lang='lat' dir='ltr'>imposuerunt.</span> <span class='ocrx_word' id='word_1_110' title='bbox 592 2291 684 2340; x_wconf 86' lang='lat' dir='ltr'>Comes</span> <span class='ocrx_word' id='word_1_111' title='bbox 709 2291 887 2350; x_wconf 82' lang='lat' dir='ltr'>trahebantur;</span> <span class='ocrx_word' id='word_1_112' title='bbox 906 2299 1026 2353; x_wconf 83' lang='lat' dir='ltr'>tantoque</span> <span class='ocrx_word' id='word_1_113' title='bbox 1049 2294 1171 2354; x_wconf 86' lang='lat' dir='ltr'>quislibet</span> 
     </span>
     <span class='ocr_line' id='line_1_19' title="bbox 217 2360 1172 2423; baseline 0.004 -17"><span class='ocrx_word' id='word_1_114' title='bbox 217 2361 302 2420; x_wconf 90' lang='lat' dir='ltr'>itaque</span> <span class='ocrx_word' id='word_1_115' title='bbox 314 2360 484 2421; x_wconf 80' lang='lat' dir='ltr'>Andegaviae,</span> <span class='ocrx_word' id='word_1_116' title='bbox 502 2361 621 2422; x_wconf 87' lang='lat' dir='ltr'>injuriam</span> <span class='ocrx_word' id='word_1_117' title='bbox 634 2360 684 2407; x_wconf 87' lang='lat' dir='ltr'>sibi</span> <span class='ocrx_word' id='word_1_118' title='bbox 710 2362 735 2408; x_wconf 91' lang='lat' dir='ltr'>in</span> <span class='ocrx_word' id='word_1_119' title='bbox 757 2375 857 2409; x_wconf 87' lang='lat' dir='ltr'>carcere</span> <span class='ocrx_word' id='word_1_120' title='bbox 884 2362 974 2410; x_wconf 68' lang='lat' dir='ltr'>durius</span> <span class='ocrx_word' id='word_1_121' title='bbox 997 2363 1172 2423; x_wconf 86' lang='lat' dir='ltr'>torquebatur,</span> 
     </span>
     <span class='ocr_line' id='line_1_20' title="bbox 217 2429 1173 2490; baseline 0.002 -14"><span class='ocrx_word' id='word_1_122' title='bbox 217 2429 321 2476; x_wconf 85' lang='lat' dir='ltr'>allatam</span> <span class='ocrx_word' id='word_1_123' title='bbox 333 2444 382 2476; x_wconf 95' lang='lat' dir='ltr'>non</span> <span class='ocrx_word' id='word_1_124' title='bbox 393 2429 484 2476; x_wconf 87' lang='lat' dir='ltr'>leviter</span> <span class='ocrx_word' id='word_1_125' title='bbox 495 2429 588 2489; x_wconf 86' lang='lat' dir='ltr'>ferens,</span> <span class='ocrx_word' id='word_1_126' title='bbox 599 2444 684 2490; x_wconf 82' lang='lat' dir='ltr'>regem</span> <span class='ocrx_word' id='word_1_127' title='bbox 710 2434 803 2489; x_wconf 86' lang='lat' dir='ltr'>quanto</span> <span class='ocrx_word' id='word_1_128' title='bbox 822 2430 880 2490; x_wconf 90' lang='lat' dir='ltr'>plus</span> <span class='ocrx_word' id='word_1_129' title='bbox 898 2431 960 2490; x_wconf 89' lang='lat' dir='ltr'>quid</span> <span class='ocrx_word' id='word_1_130' title='bbox 979 2430 1100 2478; x_wconf 87' lang='lat' dir='ltr'>daretne</span> <span class='ocrx_word' id='word_1_131' title='bbox 1123 2437 1173 2478; x_wconf 90' lang='lat' dir='ltr'>tor-</span> 
     </span>
     <span class='ocr_line' id='line_1_21' title="bbox 218 2498 1172 2558; baseline 0.001 -12"><span class='ocrx_word' id='word_1_132' title='bbox 218 2498 373 2558; x_wconf 86' lang='lat' dir='ltr'>Stephunum</span> <span class='ocrx_word' id='word_1_133' title='bbox 391 2499 534 2558; x_wconf 87' lang='lat' dir='ltr'>inquietare</span> <span class='ocrx_word' id='word_1_134' title='bbox 552 2499 626 2546; x_wconf 85' lang='lat' dir='ltr'>valde</span> <span class='ocrx_word' id='word_1_135' title='bbox 643 2512 685 2545; x_wconf 87' lang='lat' dir='ltr'>ce·</span> <span class='ocrx_word' id='word_1_136' title='bbox 710 2503 829 2558; x_wconf 86' lang='lat' dir='ltr'>queretur</span> <span class='ocrx_word' id='word_1_137' title='bbox 859 2498 988 2547; x_wconf 82' lang='lat' dir='ltr'>habebat:</span> <span class='ocrx_word' id='word_1_138' title='bbox 1023 2499 1067 2546; x_wconf 89' lang='lat' dir='ltr'>ille</span> <span class='ocrx_word' id='word_1_139' title='bbox 1096 2501 1172 2547; x_wconf 87' lang='lat' dir='ltr'>etiarn</span> 
     </span>
     <span class='ocr_line' id='line_1_22' title="bbox 219 2566 1174 2628; baseline 0.003 -15"><span class='ocrx_word' id='word_1_140' title='bbox 219 2568 265 2627; x_wconf 92' lang='lat' dir='ltr'>pit,</span> <span class='ocrx_word' id='word_1_141' title='bbox 288 2573 314 2615; x_wconf 94' lang='lat' dir='ltr'>et</span> <span class='ocrx_word' id='word_1_142' title='bbox 336 2572 414 2615; x_wconf 84' lang='lat' dir='ltr'>totam</span> <span class='ocrx_word' id='word_1_143' title='bbox 440 2567 623 2615; x_wconf 83' lang='lat' dir='ltr'>Normanoiam</span> <span class='ocrx_word' id='word_1_144' title='bbox 647 2566 685 2613; x_wconf 91' lang='lat' dir='ltr'>illi</span> <span class='ocrx_word' id='word_1_145' title='bbox 710 2568 783 2628; x_wconf 82' lang='lat' dir='ltr'>longe</span> <span class='ocrx_word' id='word_1_146' title='bbox 813 2568 944 2628; x_wconf 83' lang='lat' dir='ltr'>gloriosior</span> <span class='ocrx_word' id='word_1_147' title='bbox 974 2569 1039 2616; x_wconf 91' lang='lat' dir='ltr'>inter</span> <span class='ocrx_word' id='word_1_148' title='bbox 1066 2572 1174 2616; x_wconf 84' lang='lat' dir='ltr'>caeteros</span> 
     </span>
     <span class='ocr_line' id='line_1_23' title="bbox 218 2635 1174 2697; baseline 0.001 -15"><span class='ocrx_word' id='word_1_149' title='bbox 218 2635 331 2685; x_wconf 84' lang='lat' dir='ltr'>abstulit.</span> <span class='ocrx_word' id='word_1_150' title='bbox 368 2635 498 2684; x_wconf 88' lang='lat' dir='ltr'>Henricus</span> <span class='ocrx_word' id='word_1_151' title='bbox 510 2637 605 2696; x_wconf 89' lang='lat' dir='ltr'>quippe</span> <span class='ocrx_word' id='word_1_152' title='bbox 618 2636 686 2682; x_wconf 88' lang='lat' dir='ltr'>filius</span> <span class='ocrx_word' id='word_1_153' title='bbox 710 2636 844 2697; x_wconf 86' lang='lat' dir='ltr'>eminebat,</span> <span class='ocrx_word' id='word_1_154' title='bbox 862 2637 906 2696; x_wconf 94' lang='lat' dir='ltr'>qui</span> <span class='ocrx_word' id='word_1_155' title='bbox 923 2636 1009 2697; x_wconf 88' lang='lat' dir='ltr'>plures</span> <span class='ocrx_word' id='word_1_156' title='bbox 1027 2636 1174 2697; x_wconf 90' lang='lat' dir='ltr'>perimendo</span> 
     </span>
     <span class='ocr_line' id='line_1_24' title="bbox 218 2704 1175 2766; baseline 0 -14"><span class='ocrx_word' id='word_1_157' title='bbox 218 2706 284 2765; x_wconf 87' lang='lat' dir='ltr'>ejus,</span> <span class='ocrx_word' id='word_1_158' title='bbox 297 2707 351 2764; x_wconf 85' lang='lat' dir='ltr'>jem</span> <span class='ocrx_word' id='word_1_159' title='bbox 371 2709 471 2752; x_wconf 75' lang='lat' dir='ltr'>aetatem</span> <span class='ocrx_word' id='word_1_160' title='bbox 490 2704 609 2765; x_wconf 86' lang='lat' dir='ltr'>adeptus,</span> <span class='ocrx_word' id='word_1_161' title='bbox 626 2718 684 2751; x_wconf 88' lang='lat' dir='ltr'>curn</span> <span class='ocrx_word' id='word_1_162' title='bbox 711 2705 829 2766; x_wconf 83' lang='lat' dir='ltr'>inglorios</span> <span class='ocrx_word' id='word_1_163' title='bbox 869 2706 974 2753; x_wconf 90' lang='lat' dir='ltr'>reddere</span> <span class='ocrx_word' id='word_1_164' title='bbox 1010 2705 1175 2765; x_wconf 81' lang='lat' dir='ltr'>praevalebat.</span> 
     </span>
     <span class='ocr_line' id='line_1_25' title="bbox 219 2773 1175 2834; baseline 0.002 -15"><span class='ocrx_word' id='word_1_165' title='bbox 219 2779 298 2820; x_wconf 87' lang='lat' dir='ltr'>matre</span> <span class='ocrx_word' id='word_1_166' title='bbox 314 2775 340 2819; x_wconf 92' lang='lat' dir='ltr'>in</span> <span class='ocrx_word' id='word_1_167' title='bbox 358 2773 686 2834; x_wconf 80' lang='lat' dir='ltr'>Angliamvenit,saventi·</span> <span class='ocrx_word' id='word_1_168' title='bbox 711 2774 921 2821; x_wconf 87' lang='lat' dir='ltr'>Discurrentibus</span> <span class='ocrx_word' id='word_1_169' title='bbox 963 2774 1064 2822; x_wconf 79' lang='lat' dir='ltr'>tandem</span> <span class='ocrx_word' id='word_1_170' title='bbox 1109 2775 1175 2821; x_wconf 89' lang='lat' dir='ltr'>inter</span> 
     </span>
    </p>
   </div>
   <div class='ocr_carea' id='block_1_7' title="bbox 218 2841 1259 2902">
    <p class='ocr_par' dir='ltr' id='par_1_7' title="bbox 218 2841 1259 2902">
     <span class='ocr_line' id='line_1_26' title="bbox 218 2841 1259 2902; baseline 0.002 -15"><span class='ocrx_word' id='word_1_171' title='bbox 218 2841 317 2902; x_wconf 89' lang='lat' dir='ltr'>busque</span> <span class='ocrx_word' id='word_1_172' title='bbox 335 2841 384 2888; x_wconf 92' lang='lat' dir='ltr'>sibi</span> <span class='ocrx_word' id='word_1_173' title='bbox 402 2842 598 2901; x_wconf 86' lang='lat' dir='ltr'>quamplurimis</span> <span class='ocrx_word' id='word_1_174' title='bbox 614 2843 686 2901; x_wconf 82' lang='lat' dir='ltr'>regni</span> <span class='ocrx_word' id='word_1_175' title='bbox 711 2847 845 2901; x_wconf 88' lang='lat' dir='ltr'>utrumque</span> <span class='ocrx_word' id='word_1_176' title='bbox 868 2843 1030 2902; x_wconf 87' lang='lat' dir='ltr'>consiliariis,</span> <span class='ocrx_word' id='word_1_177' title='bbox 1049 2856 1094 2889; x_wconf 85' lang='lat' dir='ltr'>rex</span> <span class='ocrx_word' id='word_1_178' title='bbox 1114 2856 1175 2889; x_wconf 89' lang='lat' dir='ltr'>suos</span> <span class='ocrx_word' id='word_1_179' title='bbox 1257 2841 1259 2845; x_wconf 84' lang='grc'><strong>’</strong></span> 
     </span>
    </p>
   </div>
   <div class='ocr_carea' id='block_1_8' title="bbox 177 2909 1179 4133">
    <p class='ocr_par' dir='ltr' id='par_1_8' title="bbox 177 2909 1179 4133">
     <span class='ocr_line' id='line_1_27' title="bbox 177 2909 1175 2969; baseline 0.001 -14"><span class='ocrx_word' id='word_1_180' title='bbox 177 2948 180 2954; x_wconf 92' lang='grc'>.</span> <span class='ocrx_word' id='word_1_181' title='bbox 219 2911 381 2967; x_wconf 86' lang='lat' dir='ltr'>primoribus,</span> <span class='ocrx_word' id='word_1_182' title='bbox 408 2923 465 2956; x_wconf 87' lang='lat' dir='ltr'>eam</span> <span class='ocrx_word' id='word_1_183' title='bbox 493 2909 543 2956; x_wconf 88' lang='lat' dir='ltr'>sibi</span> <span class='ocrx_word' id='word_1_184' title='bbox 570 2909 686 2956; x_wconf 80' lang='lat' dir='ltr'>funditus</span> <span class='ocrx_word' id='word_1_185' title='bbox 711 2909 885 2969; x_wconf 85' lang='lat' dir='ltr'>exhaeredans,</span> <span class='ocrx_word' id='word_1_186' title='bbox 904 2910 1044 2958; x_wconf 87' lang='lat' dir='ltr'>Henricum</span> <span class='ocrx_word' id='word_1_187' title='bbox 1067 2914 1125 2969; x_wconf 90' lang='lat' dir='ltr'>post</span> <span class='ocrx_word' id='word_1_188' title='bbox 1148 2924 1175 2957; x_wconf 89' lang='lat' dir='ltr'>se</span> 
     </span>
     <span class='ocr_line' id='line_1_28' title="bbox 220 2971 1175 3039; baseline 0 -15"><span class='ocrx_word' id='word_1_189' title='bbox 220 2978 394 3025; x_wconf 82' lang='lat' dir='ltr'>culumniavit.</span> <span class='ocrx_word' id='word_1_190' title='bbox 421 2977 573 3024; x_wconf 88' lang='lat' dir='ltr'>Multotiens</span> <span class='ocrx_word' id='word_1_191' title='bbox 585 2971 685 3037; x_wconf 78' lang='lat' dir='ltr'>quoqu&#39;e</span> <span class='ocrx_word' id='word_1_192' title='bbox 711 2992 795 3039; x_wconf 82' lang='lat' dir='ltr'>regern</span> <span class='ocrx_word' id='word_1_193' title='bbox 811 2975 924 3038; x_wconf 82' lang='lat' dir='ltr'>juravit:</span> <span class='ocrx_word' id='word_1_194' title='bbox 942 2984 1000 3038; x_wconf 92' lang='lat' dir='ltr'>post</span> <span class='ocrx_word' id='word_1_195' title='bbox 1015 2978 1175 3025; x_wconf 85' lang='lat' dir='ltr'>concordiam</span> 
     </span>
     <span class='ocr_line' id='line_1_29' title="bbox 220 3045 1176 3106; baseline 0.002 -15"><span class='ocrx_word' id='word_1_196' title='bbox 220 3060 288 3092; x_wconf 83' lang='lat' dir='ltr'>mare</span> <span class='ocrx_word' id='word_1_197' title='bbox 300 3046 425 3092; x_wconf 83' lang='lat' dir='ltr'>transiens</span> <span class='ocrx_word' id='word_1_198' title='bbox 434 3051 460 3092; x_wconf 88' lang='lat' dir='ltr'>et</span> <span class='ocrx_word' id='word_1_199' title='bbox 468 3046 558 3092; x_wconf 89' lang='lat' dir='ltr'>iterum</span> <span class='ocrx_word' id='word_1_200' title='bbox 566 3045 686 3106; x_wconf 76' lang='lat' dir='ltr'>Angliarn</span> <span class='ocrx_word' id='word_1_201' title='bbox 712 3059 770 3092; x_wconf 85' lang='lat' dir='ltr'>vero</span> <span class='ocrx_word' id='word_1_202' title='bbox 781 3045 873 3092; x_wconf 83' lang='lat' dir='ltr'>factam</span> <span class='ocrx_word' id='word_1_203' title='bbox 892 3060 940 3092; x_wconf 92' lang='lat' dir='ltr'>non</span> <span class='ocrx_word' id='word_1_204' title='bbox 952 3047 1027 3106; x_wconf 92' lang='lat' dir='ltr'>pleno</span> <span class='ocrx_word' id='word_1_205' title='bbox 1040 3060 1104 3093; x_wconf 89' lang='lat' dir='ltr'>anno</span> <span class='ocrx_word' id='word_1_206' title='bbox 1117 3060 1176 3093; x_wconf 82' lang='lat' dir='ltr'>evo·</span> 
     </span>
     <span class='ocr_line' id='line_1_30' title="bbox 221 3113 1176 3174; baseline 0.002 -15"><span class='ocrx_word' id='word_1_207' title='bbox 221 3115 332 3172; x_wconf 87' lang='lat' dir='ltr'>veniens,</span> <span class='ocrx_word' id='word_1_208' title='bbox 344 3119 434 3172; x_wconf 85' lang='lat' dir='ltr'>parato</span> <span class='ocrx_word' id='word_1_209' title='bbox 445 3114 550 3161; x_wconf 91' lang='lat' dir='ltr'>robusto</span> <span class='ocrx_word' id='word_1_210' title='bbox 563 3114 687 3171; x_wconf 84' lang='lat' dir='ltr'>exercitu,</span> <span class='ocrx_word' id='word_1_211' title='bbox 712 3113 774 3172; x_wconf 92' lang='lat' dir='ltr'>luto,</span> <span class='ocrx_word' id='word_1_212' title='bbox 790 3117 856 3161; x_wconf 88' lang='lat' dir='ltr'><strong>x1x⁰.</strong></span> <span class='ocrx_word' id='word_1_213' title='bbox 880 3115 950 3174; x_wconf 85' lang='lat' dir='ltr'>regni</span> <span class='ocrx_word' id='word_1_214' title='bbox 973 3115 1014 3161; x_wconf 90' lang='lat' dir='ltr'>sui</span> <span class='ocrx_word' id='word_1_215' title='bbox 1036 3128 1111 3174; x_wconf 87' lang='lat' dir='ltr'>anuo,</span> <span class='ocrx_word' id='word_1_216' title='bbox 1131 3129 1176 3162; x_wconf 91' lang='lat' dir='ltr'>rex</span> 
     </span>
     <span class='ocr_line' id='line_1_31' title="bbox 221 3181 1176 3242; baseline 0.002 -14"><span class='ocrx_word' id='word_1_217' title='bbox 221 3196 278 3229; x_wconf 89' lang='lat' dir='ltr'>curn</span> <span class='ocrx_word' id='word_1_218' title='bbox 295 3196 354 3242; x_wconf 81' lang='lat' dir='ltr'>rege</span> <span class='ocrx_word' id='word_1_219' title='bbox 372 3182 399 3229; x_wconf 92' lang='lat' dir='ltr'>id</span> <span class='ocrx_word' id='word_1_220' title='bbox 421 3197 468 3229; x_wconf 87' lang='lat' dir='ltr'>nec</span> <span class='ocrx_word' id='word_1_221' title='bbox 486 3183 570 3229; x_wconf 89' lang='lat' dir='ltr'>minus</span> <span class='ocrx_word' id='word_1_222' title='bbox 587 3181 686 3229; x_wconf 90' lang='lat' dir='ltr'>volente</span> <span class='ocrx_word' id='word_1_223' title='bbox 712 3181 855 3240; x_wconf 80' lang='lat' dir='ltr'>Stephanus</span> <span class='ocrx_word' id='word_1_224' title='bbox 866 3182 938 3229; x_wconf 88' lang='lat' dir='ltr'>finem</span> <span class='ocrx_word' id='word_1_225' title='bbox 949 3183 1009 3230; x_wconf 79' lang='lat' dir='ltr'>vitae</span> <span class='ocrx_word' id='word_1_226' title='bbox 1022 3182 1091 3231; x_wconf 86' lang='lat' dir='ltr'>fecit.</span> <span class='ocrx_word' id='word_1_227' title='bbox 1117 3183 1176 3231; x_wconf 86' lang='lat' dir='ltr'>Quo</span> 
     </span>
     <span class='ocr_line' id='line_1_32' title="bbox 221 3250 1176 3311; baseline 0.001 -14"><span class='ocrx_word' id='word_1_228' title='bbox 221 3264 296 3310; x_wconf 80' lang='lat' dir='ltr'>grave</span> <span class='ocrx_word' id='word_1_229' title='bbox 309 3250 404 3296; x_wconf 91' lang='lat' dir='ltr'>bellum</span> <span class='ocrx_word' id='word_1_230' title='bbox 415 3251 480 3297; x_wconf 89' lang='lat' dir='ltr'>inire</span> <span class='ocrx_word' id='word_1_231' title='bbox 488 3251 629 3310; x_wconf 89' lang='lat' dir='ltr'>disposuit;</span> <span class='ocrx_word' id='word_1_232' title='bbox 647 3250 687 3296; x_wconf 83' lang='lat' dir='ltr'>fir·</span> <span class='ocrx_word' id='word_1_233' title='bbox 713 3251 811 3310; x_wconf 87' lang='lat' dir='ltr'>audito,</span> <span class='ocrx_word' id='word_1_234' title='bbox 822 3250 960 3311; x_wconf 87' lang='lat' dir='ltr'>Henricus,</span> <span class='ocrx_word' id='word_1_235' title='bbox 972 3257 1032 3298; x_wconf 91' lang='lat' dir='ltr'>tunc</span> <span class='ocrx_word' id='word_1_236' title='bbox 1043 3252 1097 3298; x_wconf 90' lang='lat' dir='ltr'>dux</span> <span class='ocrx_word' id='word_1_237' title='bbox 1109 3251 1134 3298; x_wconf 91' lang='lat' dir='ltr'>N</span> <span class='ocrx_word' id='word_1_238' title='bbox 1137 3266 1176 3298; x_wconf 93' lang='lat' dir='ltr'>or-</span> 
     </span>
     <span class='ocr_line' id='line_1_33' title="bbox 221 3318 1176 3379; baseline 0.002 -14"><span class='ocrx_word' id='word_1_239' title='bbox 221 3320 345 3377; x_wconf 88' lang='lat' dir='ltr'>matisque</span> <span class='ocrx_word' id='word_1_240' title='bbox 357 3318 466 3366; x_wconf 85' lang='lat' dir='ltr'>diversis</span> <span class='ocrx_word' id='word_1_241' title='bbox 480 3320 506 3365; x_wconf 92' lang='lat' dir='ltr'>in</span> <span class='ocrx_word' id='word_1_242' title='bbox 521 3319 584 3366; x_wconf 90' lang='lat' dir='ltr'>locis</span> <span class='ocrx_word' id='word_1_243' title='bbox 600 3324 688 3366; x_wconf 88' lang='lat' dir='ltr'>contra</span> <span class='ocrx_word' id='word_1_244' title='bbox 712 3320 820 3365; x_wconf 87' lang='lat' dir='ltr'>manniae</span> <span class='ocrx_word' id='word_1_245' title='bbox 838 3323 863 3366; x_wconf 93' lang='lat' dir='ltr'>et</span> <span class='ocrx_word' id='word_1_246' title='bbox 878 3320 1035 3379; x_wconf 75' lang='lat' dir='ltr'>Aquitaniae,</span> <span class='ocrx_word' id='word_1_247' title='bbox 1050 3325 1075 3367; x_wconf 88' lang='lat' dir='ltr'>et</span> <span class='ocrx_word' id='word_1_248' title='bbox 1092 3333 1176 3367; x_wconf 90' lang='lat' dir='ltr'>comes</span> 
     </span>
     <span class='ocr_line' id='line_1_34' title="bbox 222 3387 1176 3448; baseline 0.002 -15"><span class='ocrx_word' id='word_1_249' title='bbox 222 3400 249 3434; x_wconf 90' lang='lat' dir='ltr'>se</span> <span class='ocrx_word' id='word_1_250' title='bbox 258 3387 388 3447; x_wconf 77' lang='lat' dir='ltr'>repagulis</span> <span class='ocrx_word' id='word_1_251' title='bbox 395 3392 421 3434; x_wconf 91' lang='lat' dir='ltr'>et</span> <span class='ocrx_word' id='word_1_252' title='bbox 429 3401 487 3434; x_wconf 86' lang='lat' dir='ltr'>sera</span> <span class='ocrx_word' id='word_1_253' title='bbox 496 3387 687 3447; x_wconf 82' lang='lat' dir='ltr'>munitionibus,</span> <span class='ocrx_word' id='word_1_254' title='bbox 712 3387 878 3448; x_wconf 80' lang='lat' dir='ltr'>Andegaviae,</span> <span class='ocrx_word' id='word_1_255' title='bbox 889 3393 962 3447; x_wconf 88' lang='lat' dir='ltr'>pater</span> <span class='ocrx_word' id='word_1_256' title='bbox 972 3389 1038 3435; x_wconf 89' lang='lat' dir='ltr'>enim</span> <span class='ocrx_word' id='word_1_257' title='bbox 1051 3403 1113 3436; x_wconf 87' lang='lat' dir='ltr'>suus</span> <span class='ocrx_word' id='word_1_258' title='bbox 1121 3390 1176 3448; x_wconf 85' lang='lat' dir='ltr'>jam</span> 
     </span>
     <span class='ocr_line' id='line_1_35' title="bbox 222 3456 1177 3515; baseline 0.002 -13"><span class='ocrx_word' id='word_1_259' title='bbox 222 3457 331 3502; x_wconf 84' lang='lat' dir='ltr'>maxime</span> <span class='ocrx_word' id='word_1_260' title='bbox 355 3461 439 3502; x_wconf 87' lang='lat' dir='ltr'>tamen</span> <span class='ocrx_word' id='word_1_261' title='bbox 462 3457 531 3514; x_wconf 86' lang='lat' dir='ltr'>apud</span> <span class='ocrx_word' id='word_1_262' title='bbox 554 3456 686 3504; x_wconf 83' lang='lat' dir='ltr'>castellum</span> <span class='ocrx_word' id='word_1_263' title='bbox 712 3457 819 3515; x_wconf 84' lang='lat' dir='ltr'>obierat,</span> <span class='ocrx_word' id='word_1_264' title='bbox 841 3470 898 3502; x_wconf 91' lang='lat' dir='ltr'>cum</span> <span class='ocrx_word' id='word_1_265' title='bbox 925 3457 1046 3504; x_wconf 84' lang='lat' dir='ltr'>iratribus</span> <span class='ocrx_word' id='word_1_266' title='bbox 1073 3457 1127 3504; x_wconf 91' lang='lat' dir='ltr'>suis</span> <span class='ocrx_word' id='word_1_267' title='bbox 1151 3462 1177 3504; x_wconf 87' lang='lat' dir='ltr'>et</span> 
     </span>
     <span class='ocr_line' id='line_1_36' title="bbox 222 3524 1176 3586; baseline 0.003 -17"><span class='ocrx_word' id='word_1_268' title='bbox 222 3524 415 3584; x_wconf 83' lang='lat' dir='ltr'>Wallingelord,</span> <span class='ocrx_word' id='word_1_269' title='bbox 429 3525 539 3584; x_wconf 88' lang='lat' dir='ltr'>quisque</span> <span class='ocrx_word' id='word_1_270' title='bbox 555 3539 612 3584; x_wconf 87' lang='lat' dir='ltr'>quae</span> <span class='ocrx_word' id='word_1_271' title='bbox 625 3525 688 3572; x_wconf 86' lang='lat' dir='ltr'>alte·</span> <span class='ocrx_word' id='word_1_272' title='bbox 713 3539 792 3572; x_wconf 84' lang='lat' dir='ltr'>uxore</span> <span class='ocrx_word' id='word_1_273' title='bbox 804 3525 951 3586; x_wconf 86' lang='lat' dir='ltr'>Alienorda,</span> <span class='ocrx_word' id='word_1_274' title='bbox 963 3540 1021 3585; x_wconf 84' lang='lat' dir='ltr'>quae</span> <span class='ocrx_word' id='word_1_275' title='bbox 1039 3526 1110 3584; x_wconf 89' lang='lat' dir='ltr'>prius</span> <span class='ocrx_word' id='word_1_276' title='bbox 1124 3525 1176 3572; x_wconf 93' lang='lat' dir='ltr'>Lu·</span> 
     </span>
     <span class='ocr_line' id='line_1_37' title="bbox 222 3593 1176 3653; baseline 0.002 -15"><span class='ocrx_word' id='word_1_277' title='bbox 222 3593 275 3639; x_wconf 86' lang='lat' dir='ltr'>rius</span> <span class='ocrx_word' id='word_1_278' title='bbox 290 3597 361 3640; x_wconf 88' lang='lat' dir='ltr'>erant</span> <span class='ocrx_word' id='word_1_279' title='bbox 372 3593 517 3652; x_wconf 86' lang='lat' dir='ltr'>diripiendo</span> <span class='ocrx_word' id='word_1_280' title='bbox 528 3593 689 3642; x_wconf 85' lang='lat' dir='ltr'>vehementer</span> <span class='ocrx_word' id='word_1_281' title='bbox 714 3593 806 3640; x_wconf 85' lang='lat' dir='ltr'>dowici</span> <span class='ocrx_word' id='word_1_282' title='bbox 817 3594 884 3653; x_wconf 83' lang='lat' dir='ltr'>regis</span> <span class='ocrx_word' id='word_1_283' title='bbox 901 3593 1017 3640; x_wconf 70' lang='lat' dir='ltr'>Francia</span> <span class='ocrx_word' id='word_1_284' title='bbox 1029 3607 1131 3652; x_wconf 84' lang='lat' dir='ltr'>sponse,</span> <span class='ocrx_word' id='word_1_285' title='bbox 1144 3595 1176 3640; x_wconf 92' lang='lat' dir='ltr'>ab</span> 
     </span>
     <span class='ocr_line' id='line_1_38' title="bbox 222 3661 1178 3722; baseline 0.001 -14"><span class='ocrx_word' id='word_1_286' title='bbox 222 3662 342 3722; x_wconf 82' lang='lat' dir='ltr'>Angliam</span> <span class='ocrx_word' id='word_1_287' title='bbox 369 3661 469 3710; x_wconf 88' lang='lat' dir='ltr'>afflixit.</span> <span class='ocrx_word' id='word_1_288' title='bbox 507 3662 599 3721; x_wconf 92' lang='lat' dir='ltr'>Neque</span> <span class='ocrx_word' id='word_1_289' title='bbox 622 3664 688 3710; x_wconf 90' lang='lat' dir='ltr'>enim</span> <span class='ocrx_word' id='word_1_290' title='bbox 713 3676 752 3722; x_wconf 89' lang='lat' dir='ltr'>eo,</span> <span class='ocrx_word' id='word_1_291' title='bbox 775 3663 837 3721; x_wconf 86' lang='lat' dir='ltr'>quia</span> <span class='ocrx_word' id='word_1_292' title='bbox 857 3667 974 3721; x_wconf 86' lang='lat' dir='ltr'>parentes</span> <span class='ocrx_word' id='word_1_293' title='bbox 996 3666 1074 3720; x_wconf 83' lang='lat' dir='ltr'>erant,</span> <span class='ocrx_word' id='word_1_294' title='bbox 1094 3662 1178 3710; x_wconf 82' lang='lat' dir='ltr'>iuerat</span> 
     </span>
     <span class='ocr_line' id='line_1_39' title="bbox 223 3730 1177 3790; baseline 0.001 -14"><span class='ocrx_word' id='word_1_295' title='bbox 223 3734 282 3777; x_wconf 88' lang='lat' dir='ltr'>tunc</span> <span class='ocrx_word' id='word_1_296' title='bbox 305 3732 425 3789; x_wconf 88' lang='lat' dir='ltr'>temporis</span> <span class='ocrx_word' id='word_1_297' title='bbox 449 3730 545 3789; x_wconf 83' lang='lat' dir='ltr'>profuit</span> <span class='ocrx_word' id='word_1_298' title='bbox 567 3731 688 3788; x_wconf 89' lang='lat' dir='ltr'>episcopo</span> <span class='ocrx_word' id='word_1_299' title='bbox 714 3731 859 3788; x_wconf 85' lang='lat' dir='ltr'>dissociata,</span> <span class='ocrx_word' id='word_1_300' title='bbox 884 3730 929 3776; x_wconf 91' lang='lat' dir='ltr'>sed</span> <span class='ocrx_word' id='word_1_301' title='bbox 954 3734 979 3777; x_wconf 91' lang='lat' dir='ltr'>et</span> <span class='ocrx_word' id='word_1_302' title='bbox 998 3730 1177 3790; x_wconf 84' lang='lat' dir='ltr'>Rotomageusi</span> 
     </span>
     <span class='ocr_line' id='line_1_40' title="bbox 223 3798 1178 3858; baseline 0.002 -14"><span class='ocrx_word' id='word_1_303' title='bbox 223 3799 305 3858; x_wconf 86' lang='lat' dir='ltr'>mitra,</span> <span class='ocrx_word' id='word_1_304' title='bbox 315 3799 354 3845; x_wconf 86' lang='lat' dir='ltr'>vel</span> <span class='ocrx_word' id='word_1_305' title='bbox 363 3800 450 3845; x_wconf 87' lang='lat' dir='ltr'>abbati</span> <span class='ocrx_word' id='word_1_306' title='bbox 462 3799 573 3857; x_wconf 87' lang='lat' dir='ltr'>cuculla,</span> <span class='ocrx_word' id='word_1_307' title='bbox 582 3799 643 3856; x_wconf 92' lang='lat' dir='ltr'>quin</span> <span class='ocrx_word' id='word_1_308' title='bbox 656 3799 688 3845; x_wconf 86' lang='lat' dir='ltr'>ab</span> <span class='ocrx_word' id='word_1_309' title='bbox 714 3798 912 3858; x_wconf 86' lang='lat' dir='ltr'>archiepiscopo,</span> <span class='ocrx_word' id='word_1_310' title='bbox 922 3798 1088 3857; x_wconf 90' lang='lat' dir='ltr'>pluribusque</span> <span class='ocrx_word' id='word_1_311' title='bbox 1098 3798 1178 3846; x_wconf 86' lang='lat' dir='ltr'>Fran·</span> 
     </span>
     <span class='ocr_line' id='line_1_41' title="bbox 224 3867 1178 3926; baseline 0.001 -13"><span class='ocrx_word' id='word_1_312' title='bbox 224 3881 253 3913; x_wconf 89' lang='lat' dir='ltr'>eo</span> <span class='ocrx_word' id='word_1_313' title='bbox 269 3867 420 3923; x_wconf 78' lang='lat' dir='ltr'>auferretur,</span> <span class='ocrx_word' id='word_1_314' title='bbox 432 3868 454 3913; x_wconf 92' lang='lat' dir='ltr'>si</span> <span class='ocrx_word' id='word_1_315' title='bbox 473 3880 520 3913; x_wconf 90' lang='lat' dir='ltr'>non</span> <span class='ocrx_word' id='word_1_316' title='bbox 534 3868 566 3914; x_wconf 90' lang='lat' dir='ltr'>ab</span> <span class='ocrx_word' id='word_1_317' title='bbox 579 3881 608 3913; x_wconf 93' lang='lat' dir='ltr'>eo</span> <span class='ocrx_word' id='word_1_318' title='bbox 620 3867 688 3926; x_wconf 91' lang='lat' dir='ltr'>quod</span> <span class='ocrx_word' id='word_1_319' title='bbox 715 3867 761 3914; x_wconf 83' lang='lat' dir='ltr'>ciae</span> <span class='ocrx_word' id='word_1_320' title='bbox 770 3867 906 3926; x_wconf 92' lang='lat' dir='ltr'>nobilibus,</span> <span class='ocrx_word' id='word_1_321' title='bbox 915 3867 1178 3926; x_wconf 86' lang='lat' dir='ltr'>tamordinatisquam</span> 
     </span>
     <span class='ocr_line' id='line_1_42' title="bbox 223 3936 1178 3996; baseline 0 -14"><span class='ocrx_word' id='word_1_322' title='bbox 223 3936 373 3995; x_wconf 80' lang='lat' dir='ltr'>exigebatur</span> <span class='ocrx_word' id='word_1_323' title='bbox 388 3936 421 3983; x_wconf 89' lang='lat' dir='ltr'>ad</span> <span class='ocrx_word' id='word_1_324' title='bbox 434 3936 540 3995; x_wconf 87' lang='lat' dir='ltr'>primam</span> <span class='ocrx_word' id='word_1_325' title='bbox 554 3937 691 3996; x_wconf 79' lang='lat' dir='ltr'>interroga·</span> <span class='ocrx_word' id='word_1_326' title='bbox 716 3936 798 3992; x_wconf 87' lang='lat' dir='ltr'>laicis,</span> <span class='ocrx_word' id='word_1_327' title='bbox 810 3937 835 3981; x_wconf 92' lang='lat' dir='ltr'>in</span> <span class='ocrx_word' id='word_1_328' title='bbox 853 3936 971 3996; x_wconf 85' lang='lat' dir='ltr'>Angliarn</span> <span class='ocrx_word' id='word_1_329' title='bbox 989 3936 1072 3994; x_wconf 80' lang='lat' dir='ltr'>veuit;</span> <span class='ocrx_word' id='word_1_330' title='bbox 1090 3936 1178 3995; x_wconf 89' lang='lat' dir='ltr'>ibique</span> 
     </span>
     <span class='ocr_line' id='line_1_43' title="bbox 224 4004 1179 4064; baseline 0.002 -15"><span class='ocrx_word' id='word_1_331' title='bbox 224 4004 316 4050; x_wconf 88' lang='lat' dir='ltr'>tionem</span> <span class='ocrx_word' id='word_1_332' title='bbox 336 4005 485 4064; x_wconf 82' lang='lat' dir='ltr'>porrigeret.</span> <span class='ocrx_word' id='word_1_333' title='bbox 522 4004 550 4050; x_wconf 91' lang='lat' dir='ltr'>Si</span> <span class='ocrx_word' id='word_1_334' title='bbox 570 4005 611 4050; x_wconf 89' lang='lat' dir='ltr'>cui</span> <span class='ocrx_word' id='word_1_335' title='bbox 632 4018 690 4050; x_wconf 83' lang='lat' dir='ltr'>vero</span> <span class='ocrx_word' id='word_1_336' title='bbox 716 4019 831 4051; x_wconf 83' lang='lat' dir='ltr'>coronam</span> <span class='ocrx_word' id='word_1_337' title='bbox 850 4005 929 4064; x_wconf 81' lang='lat' dir='ltr'>regni,</span> <span class='ocrx_word' id='word_1_338' title='bbox 944 4005 1010 4050; x_wconf 89' lang='lat' dir='ltr'>sicut</span> <span class='ocrx_word' id='word_1_339' title='bbox 1027 4005 1050 4050; x_wconf 85' lang='lat' dir='ltr'>ei</span> <span class='ocrx_word' id='word_1_340' title='bbox 1064 4006 1179 4063; x_wconf 87' lang='lat' dir='ltr'>juratum</span> 
     </span>
     <span class='ocr_line' id='line_1_44' title="bbox 224 4072 1103 4133; baseline 0.002 -13"><span class='ocrx_word' id='word_1_341' title='bbox 224 4074 312 4120; x_wconf 90' lang='lat' dir='ltr'>colono</span> <span class='ocrx_word' id='word_1_342' title='bbox 321 4087 398 4133; x_wconf 76' lang='lat' dir='ltr'>grana</span> <span class='ocrx_word' id='word_1_343' title='bbox 407 4087 466 4132; x_wconf 85' lang='lat' dir='ltr'>quae</span> <span class='ocrx_word' id='word_1_344' title='bbox 478 4072 607 4120; x_wconf 86' lang='lat' dir='ltr'>interram</span> <span class='ocrx_word' id='word_1_345' title='bbox 620 4087 691 4132; x_wconf 89' lang='lat' dir='ltr'>spar-</span> <span class='ocrx_word' id='word_1_346' title='bbox 718 4072 808 4133; x_wconf 84' lang='lat' dir='ltr'>fuerat,</span> <span class='ocrx_word' id='word_1_347' title='bbox 820 4072 928 4133; x_wconf 87' lang='lat' dir='ltr'>adeptus</span> <span class='ocrx_word' id='word_1_348' title='bbox 940 4079 986 4121; x_wconf 92' lang='lat' dir='ltr'>est.</span> <span class='ocrx_word' id='word_1_349' title='bbox 1004 4073 1034 4121; x_wconf 79' lang='lat' dir='ltr'>L.</span> <span class='ocrx_word' id='word_1_350' title='bbox 1046 4075 1103 4122; x_wconf 84' lang='lat' dir='ltr'>add.</span> 
     </span>
    </p>
   </div>
   <div class='ocr_carea' id='block_1_9' title="bbox 0 0 1571 4770">
    <p class='ocr_par' dir='ltr' id='par_1_9' title="bbox 0 0 1571 4770">
     <span class='ocr_line' id='line_1_45' title="bbox 0 0 1571 4770; baseline 0 0"><span class='ocrx_word' id='word_1_351' title='bbox 0 0 1571 4770; x_wconf 95' lang='lat' dir='ltr'> </span> 
     </span>
    </p>
   </div>
  </div>
 </body>
</html>
