3098 4770
433 363 623 410 rnonrnrn
652 363 930 410 wrconnrsnsrs.
1095 349 1159 412 191

209 516 301 596 gliae,
331 523 366 578 et
393 515 550 581 Haroldo
578 537 657 599 pars
686 519 977 600 septentrionalis,
1006 518 1161 581 Hearde-

210 624 339 676 canuto
362 616 522 694 provenit
543 616 717 678 australis.
771 616 866 679 Obiit
881 616 1072 678 Rotbertus
1089 617 1161 678 dux
1176 635 1256 674 rouen
1270 633 1329 672 rurs

214 706 508 786 Normannorum,
532 713 585 774 cui
609 714 775 776 successit
794 713 990 776 Willelmus
1019 682 1328 776 Bastar-3303&

212 808 288 882 dus,
306 808 396 870 filius
413 809 500 889 ejus,
515 811 548 871 in
568 811 690 889 puerili
705 819 819 874 aetate.
1176 781 1290 868 iiiiii?

263 903 471 987 [Piligrinus
484 906 760 988 archiepiscopus
771 906 998 981 Coloniensis,
1015 907 1162 986 instiga·
1189 925 1250 964 ao.
1262 925 1319 964 roa.

214 1008 271 1063 tus
297 1003 512 1082 quorundam
534 1003 726 1066 invidorum
750 1003 1007 1079 monachorum,
1028 1003 1070 1065 de
1093 1023 1163 1066 mo·
1177 989 1296 1086 ξξξξῗέω

214 1101 368 1163 nasterio
406 1100 441 1162 S.
483 1100 718 1175 Pantaleonis,
757 1101 883 1175 verbis,
921 1101 981 1180 qui
1021 1101 1163 1163 Heliam
1177 1087 1291 1184 2235„

215 1197 376 1258 abbatem
407 1197 615 1273 Scottorum,
648 1199 706 1279 qui
740 1199 808 1261 illis
843 1217 979 1279 quoquo
1014 1183 1317 1280 praesuit,},'¹{,⁵,⁰,⁰‚²¹¹³¹¹

214 1302 357 1373 propter
374 1294 619 1357 districtionem
638 1315 748 1369 suam,
765 1304 798 1358 et
817 1296 903 1357 alios
921 1296 1059 1358 Scottos
1078 1315 1165 1375 quos

215 1409 332 1452 secum
353 1391 485 1467 habuit,
501 1392 578 1455 odio
596 1392 789 1467 habebant3
813 1391 977 1472 praefatus
996 1392 1166 1471 archiepi-

215 1507 343 1569 scopus
363 1490 513 1551 minatus
536 1498 588 1552 est
605 1490 712 1552 eidem
730 1489 856 1564 Heliae,
872 1489 961 1569 quod
980 1498 1165 1569 postquam

216 1586 258 1648 de
285 1594 382 1648 curte
404 1589 498 1666 regia
516 1589 676 1662 venisset,
702 1588 833 1650 nullum
866 1587 1024 1650 Scottum
1056 1607 1166 1666 neque

218 1683 330 1762 ipsum
346 1683 395 1744 ibi
411 1684 607 1746 dimisisset.
659 1685 758 1746 Tunc
783 1684 905 1745 Helias
921 1692 956 1745 et
978 1685 1036 1743 alii
1056 1682 1166 1745 Scotti

218 1779 486 1858 responderunt:
520 1779 578 1842 ‘Si
610 1779 769 1843 Christus
800 1781 835 1842 in
867 1779 964 1842 nobis
1000 1798 1079 1840 vere
1113 1787 1167 1841 est

217 1878 431 1956 peregrinus,
462 1896 529 1940 non
561 1884 753 1940 revertetur
782 1878 881 1939 vivus
910 1876 954 1939 ad
986 1875 1168 1939 Coloniam

218 1974 497 2054 archiepiscopus
527 1975 739 2055 Piligrinus.'
793 1975 850 2038 Ita
878 1993 1014 2054 quoque
1048 1974 1169 2036 Domi·

220 2090 285 2132 nus
300 2071 424 2148 effecit,
439 2080 474 2134 et
487 2071 610 2133 Helias
625 2072 695 2133 duo
705 2072 921 2133 'monasteria
938 2069 1059 2154 rexit]

271 2168 480 2231 Innocentes
502 2168 645 2230 clitones
669 2166 845 2230 AEliredus
873 2175 907 2230 et
938 2167 1167 2241 EadwarduS,
1181 2182 1321 2281 {baffi

219 2265 399 2343 AEgelredi
442 2265 612 2344 quondam
654 2265 745 2344 regis
778 2262 971 2344 Anglorum
1009 2264 1083 2340 filii,
1126 2264 1169 2328 de
1180 2281 1334 2321 mameae

222 2361 451 2437 Normannia,
468 2362 526 2423 ubi
541 2381 618 2424 cum
636 2361 788 2424 Ricardo
805 2362 974 2424 avunculo
990 2382 1053 2425 suo
1072 2330 1289 2429 man-ffiiinii

219 2466 336 2521 serant
353 2466 507 2539 tempore
523 2460 639 2539 longo,
656 2459 773 2521 multis
792 2458 1036 2521 Normannicis
1051 2459 1170 2521 militi-

220 2544 286 2618 bus
309 2576 427 2619 secum
451 2556 647 2637 assumptis,
672 2557 707 2618 in
727 2554 892 2635 Angliam
915 2557 1037 2636 paucis
1059 2563 1169 2618 trans-

219 2654 311 2715 vecti
338 2655 496 2728 navibus,
519 2653 561 2715 ad
592 2672 664 2715 suae
692 2640 811 2714 matris
824 2649 1063 2733 ''colloquium,
1090 2672 1169 2732 quae

221 2742 423 2813 morabatur
437 2750 639 2824 Wintoniae,
655 2769 798 2812 venere:
823 2750 914 2830 quod
935 2749 1077 2829 indigne
1091 2769 1172 2828 gra·

222 2849 379 2929 vitorque
404 2848 557 2910 ferebant
583 2854 740 2926 potentes
770 2845 937 2920 nonnulli,
969 2847 1063 2925 quia,
1093 2845 1174 2909 licet

223 2944 391 3026 injustum
416 2952 518 3019 esset,
543 2944 702 3006 Haroldo
729 2943 839 3006 multo
865 2943 1059 3006 devotiores
1084 2944 1175 3006 exti-

224 3048 297 3104 tere
320 3061 423 3122 quam
443 3042 523 3116 illis,
545 3041 707 3116 maxime,
729 3049 768 3103 ut
792 3041 912 3115 fertur,
935 3059 1050 3102 comes
1076 3039 1173 3102 God-

226 3140 347 3200 winus,
415 3139 486 3201 Hic
525 3138 661 3217 quidem
698 3137 904 3212 AElfredum,
935 3156 1013 3198 cum
1054 3157 1174 3199 versus
1187 3153 1288 3195 nram.

228 3234 457 3310 Lundoniam,
485 3235 528 3297 ad
562 3236 653 3315 regis
686 3235 836 3298 Haroldi
873 3234 1097 3314 colloquium,
1136 3241 1174 3297 ut
1186 3206 1291 3300 iiiii?

227 3333 420 3407 mandarat,
440 3340 652 3413 properaret,
670 3332 822 3406 retinuit,
840 3340 874 3394 et
894 3339 991 3393 arcta
1005 3332 1040 3393 in
1059 3341 1175 3394 custo·
1187 3300 1324 3344 'mm‘

227 3430 285 3489 dia
304 3431 440 3509 posuit:
467 3430 637 3493 sociorum
651 3449 734 3493 vero
753 3430 846 3492 illius
864 3428 1029 3508 quosdam
1049 3428 1176 3491 distur-

227 3527 334 3598 bavit,
368 3527 535 3606 quosdam
566 3527 752 3602 catenavit,
786 3535 821 3589 et
853 3534 975 3606 postea
993 3527 1175 3598 ‘coecavit3

230 3623 414 3686 nonnullos
450 3631 527 3686 cute
561 3626 684 3704 capitis
718 3626 895 3686 abstracta
929 3623 1110 3696 cruciavit,
1144 3630 1179 3684 et

230 3721 387 3782 manibus
413 3739 453 3782 ac
473 3721 616 3800 pedihus
641 3722 830 3801 amputatis
855 3719 1024 3792 multavit,
1051 3719 1179 3780 multos
1255 3765 1257 3768 -

230 3818 335 3880 etiam
349 3818 451 3879 vendi
463 3818 579 3898 jussit,
595 3824 629 3878 et
645 3818 811 3879 mortibus
829 3817 931 3877 variis
947 3834 988 3876 ac
1003 3816 1181 3876 miserabi-

230 3916 320 3977 libus
342 3915 432 3995 opud
458 3913 704 3994 Gyldefordam
725 3921 909 3976 sexcentos
934 3914 1025 3975 viros
1043 3912 1181 3974 occidit.

233 4013 300 4076 Sed
328 4014 466 4075 illorum
497 4031 586 4074 nunc
615 4012 748 4073 animas
780 4012 815 4072 in
844 4011 1003 4090 paradiso
1035 4009 1184 4072 creditur
