3098 4770
345 329 410 394 158
719 343 931 392 CHRONICON

345 501 380 561 in
396 497 527 576 Anglia
551 515 726 578 nunquam
750 498 885 578 experti
912 506 994 560 sunt
1016 516 1119 579 quum
1136 497 1204 560 illis
1227 497 1299 560 dux

346 594 507 658 Ulfketel
526 595 717 660 intulerat.¹

192 707 321 747 annos.
395 692 477 755 Hoc
502 711 594 757 anno
615 695 692 757 dira
707 710 902 773 magnaque
925 693 1034 756 fames
1059 692 1224 773 Angliam
1247 692 1299 754 in·

180 773 199 811 Α
208 773 296 812 famine.

180 823 244 861 sven
344 791 444 869 vasit,
463 800 677 873 quapropter
691 809 753 852 rex
772 790 954 853 Danorum
979 790 1092 853 Swein
1109 790 1298 853 Denemar·

178 874 264 909 returns

180 873 299 958 ommni.
344 888 431 951 ciam
448 890 646 964 revertitur,
661 896 741 970 post
762 907 830 953 non
854 887 997 968 longum
1023 894 1159 969 tempus
1182 906 1298 950 rever·

179 968 329 1064 iii‘v'ffl',
344 986 469 1051 surus.¹
514 986 656 1050 Alwino
671 985 841 1049 Wellensi
854 986 1017 1066 episcopo
1033 985 1210 1059 defuncto,
1223 1003 1300 1047 suc·

179 1066 287 1154 ffliia..
344 1085 450 1146 cessit
466 1083 647 1162 Livingus,
664 1085 723 1165 qui
741 1091 776 1145 et
794 1083 1048 1146 AEthelstanus.

192 1187 323 1226 A·1>·¹⁰⁰⁶·
394 1179 550 1242 Alfricus
579 1179 855 1242 Dorubernensis
881 1180 1158 1261 archiepiscopus
1187 1176 1299 1254 obiit,²

179 1253 234 1344 iii·
244 1251 331 1340 {iiiii
344 1276 399 1338 cui
409 1275 660 1339 Wintoniensis
675 1277 857 1358 episcopus
872 1276 1055 1358 Alphegus
1070 1276 1248 1350 successit,
1264 1285 1298 1340 et

179 1349 331 1444 iitiit‘iiiffl‘
344 1392 407 1453 pro
424 1372 485 1436 illo
504 1373 714 1453 Burgensis³
738 1375 847 1437 abbas
872 1373 1046 1437 Kenulfus
1063 1375 1299 1455 episcopatum

179 1449 279 1536 iiiiii,
344 1471 508 1551 suscepit.
562 1471 643 1533 Rex
659 1472 866 1552 AEgelredus
888 1472 1103 1551 Wlfgeatum
1129 1471 1296 1533 Leovecae

178 1547 272 1586 m·
343 1567 464 1644 filium,
477 1587 580 1650 quem
595 1588 683 1651 pene
698 1570 855 1634 omnibus
870 1569 949 1650 plus
962 1569 1142 1644 dilexerat,
1157 1576 1298 1650 propter

343 1666 475 1748 injusta
487 1667 633 1750 judicia,
659 1677 693 1732 et
718 1669 868 1749 superba
893 1687 972 1748 quae
997 1674 1153 1747 gesserat
1175 1684 1292 1748 opera,

178 1784 301 1822 ueremi
343 1765 632 1843 possessionibus,
647 1766 807 1846 omnique
824 1765 951 1828 honore
962 1763 1138 1847 privavit.l
1189 1763 1299 1827 Dolo-

179 1832 325 1921 ppppmny
343 1877 404 1921 sus
419 1867 455 1922 et
470 1861 624 1941 perfidus
651 1862 798 1924 Edricus
824 1861 973 1924 Streona
995 1861 1112 1924 dolum
1129 1861 1296 1924 adversus

178 1931 326 2029 iim&
343 1956 493 2018 nobilem
503 1958 627 2020 ducem
637 1956 870 2020 AElibelmum
885 1957 1055 2037 cogitans,
1068 1957 1161 2037 apud
1175 1956 1299 2019 Scrob-

280 2102 283 2106 Α
342 2054 507 2136 besbyrig
520 2073 687 2136 magnum
704 2055 736 2117 ei
758 2054 896 2136 paravit
918 2053 1126 2129 convivium,
1142 2053 1186 2116 ad
1204 2054 1297 2134 quod
1360 2119 1363 2124 ,

343 2170 422 2215 cum
451 2152 621 2216 invitatus
650 2152 813 2226 venisset,
844 2153 998 2233 suscepit
1028 2170 1104 2214 eum
1139 2151 1297 2226 Edricus,

342 2249 444 2328 quasi
457 2268 544 2312 suus
566 2248 746 2310 familiaris
764 2249 896 2311 amicus
910 2268 918 2311 :
942 2249 1003 2311 sed
1016 2249 1148 2311 insidiis
1162 2266 1298 2330 praepa-

341 2345 440 2420 ratis,
465 2346 569 2408 tertio
584 2344 640 2407 vel
657 2351 784 2424 quarto
809 2344 865 2407 die
887 2346 1050 2419 convivii,
1065 2345 1164 2408 illum
1180 2363 1297 2408 secum

343 2449 508 2506 venatum
521 2443 559 2504 in
573 2441 708 2522 sylvam
723 2440 825 2504 duxit
837 2460 846 2519 ;
869 2441 930 2503 ubi
944 2441 1077 2504 cunctis
1089 2442 1182 2504 circa
1191 2460 1298 2504 vena-

342 2539 471 2603 tionem
494 2539 688 2620 occupatis,
705 2539 846 2620 quidam
870 2537 1209 2618 Scrobbesbyriensis
1225 2557 1297 2601 car·

342 2637 450 2712 nisex,
473 2635 667 2700 Godwinus
684 2635 879 2709 Porthund,
894 2635 928 2698 id
951 2643 1016 2710 est,
1034 2634 1162 2717 Oppidi
1178 2635 1297 2711 Canis,

342 2752 446 2813 quem
464 2733 576 2797 multo
601 2742 695 2809 ante,
723 2733 822 2796 donis
847 2733 985 2813 magnis
1009 2732 1197 2813 multisque
1218 2752 1299 2814 pro-

343 2831 575 2905 missionibus,
592 2849 656 2911 pro
678 2830 849 2912 patrando
875 2830 1038 2906 facinore,
1059 2837 1298 2894 excaecaverat

344 2927 505 3004 Edricus,
529 2946 576 2990 ex
605 2928 739 2990 insidiis
764 2929 880 2990 subito
910 2928 1083 3008 prosiluit,
1112 2935 1149 2990 et
1174 2926 1298 2990 ducem

178 3037 304 3078 AElrhelm'·
343 3024 575 3087 AElfhelmum
598 3024 727 3088 nefarie
750 3023 923 3106 peremit*
976 3023 1093 3087 Parvo
1118 3024 1299 3106 interjecto

178 3088 275 3177 {iiiiii
342 3128 510 3203 tempore,
537 3121 600 3183 filii
626 3121 702 3203 ejus
716 3121 912 3202 Wlfeagus,
931 3129 966 3184 et
990 3121 1172 3202 Usegetus‚
1191 3122 1295 3203 jussu

342 3221 435 3299 regis
468 3219 660 3298 AEgelredi‚
686 3221 780 3300 apud
812 3218 978 3293 Coeham,
1008 3220 1067 3282 ubi
1103 3221 1178 3300 ipse
1214 3225 1298 3281 tunc

179 3331 304 3378 sonuum·
343 3314 503 3395 degebat,
532 3317 656 3380 caecati
689 3324 779 3379 sunt.
843 3315 1020 3378 Kenulfus
1046 3315 1297 3379 Wintoniensis

176 3381 200 3418 oi
211 3380 299 3418 winton

177 3431 292 3524 3233}
343 3413 528 3494 episcopus
568 3414 666 3488 obiit,
717 3414 773 3476 eui
817 3412 1072 3476 AEthelwoldus
1119 3414 1297 3476 successit.

176 3525 315 3566 AEtnelwold.
344 3509 469 3572 Mense
485 3509 609 3572 dehinc
626 3509 650 3572 J
652 3510 735 3584 ulio,
753 3511 936 3573 Danorum
963 3510 1084 3572 classis
1106 3511 1297 3585 innumera,

377 3747 384 3778 ¹
402 3745 463 3795 Sax.
476 3744 571 3795 Chr-on.
860 3743 871 3776 ¹
882 3746 1041 3809 Burgenae]
1051 3745 1090 3795 of
1096 3745 1168 3795 Burh
1175 3761 1203 3794 or
1211 3747 1300 3795 Peter·

375 3877 497 3943 'otiitJ
517 3882 552 3930 Et
563 3882 681 3942 sepultus
694 3887 733 3931 est
751 3883 806 3930 Ab·
832 3815 1030 3946 boioffiiemit]
1073 3882 1156 3931 These
1188 3882 1300 3942 particu-

340 3949 483 4010 bendoniae‚
499 3950 568 3998 unde
586 3951 726 3999 monachus
743 3951 807 3999 exti·
833 3951 886 3998 lars
908 3965 952 3998 are
972 3956 1015 3998 not
1038 3952 1112 4011 given
1130 3951 1156 3996 in
1177 3950 1220 3997 the
1237 3949 1299 3997 Sex.

339 4021 411 4063 terat.
448 4017 480 4064 L.
491 4019 548 4065 odd.
834 4018 928 4067 Chron.
