3098 4770
435 313 627 362 ruonuuru
654 313 933 362 wloouurnusrs.
1100 299 1164 363 221

210 472 376 534 canonice
415 471 631 544 confirmata,
671 479 705 532 et
744 472 945 553 episcopatu
987 483 1166 555 suscepto,

210 569 395 632 Dominico
433 569 501 643 die,
537 587 606 649 quo
638 566 816 633 Nativitas
858 570 995 633 Sanctae
1039 571 1166 634 Mariae

211 666 249 746 [8
270 667 384 752 Sept]
408 668 452 728 ab
480 666 626 728 ecclesia
653 667 903 743 celebrabatur,
929 677 1165 744 consecratus,

211 766 286 827 vita
309 777 344 828 et
372 765 561 827 virtutibus
587 764 713 840 clarae,
740 767 980 847 Wigornensis
1008 767 1165 830 ecclesia

210 864 340 944 praesul
366 862 507 925 effulsit.
563 860 795 926 Consecratus
822 872 874 927 est
901 866 1006 944 igitur
1029 866 1164 945 episco-

212 980 277 1041 pus
305 979 326 1022 a
350 959 548 1023 venerando
573 957 724 1023 Aldredo
754 961 1022 1024 Eboracensium
1051 963 1165 1025 archi·

211 1060 386 1139 episcopo,
405 1078 447 1121 eo
465 1057 558 1138 quod
575 1056 977 1136 StigandoDoruberniae
996 1059 1166 1140 archiepi·
1180 1072 1306 1160 griffin-

212 1175 319 1236 scopo
333 1155 484 1219 officium
497 1155 962 1235 episcopaletuncadomino
973 1159 1167 1238 apostolico
1213 1133 1226 1169 Β
1271 1148 1277 1159 ’

212 1253 434 1318 interdictum
460 1261 558 1324 erat;
588 1255 681 1333 quia,
705 1255 882 1318 Rodberto
906 1255 1167 1337 archiepiscopo

214 1351 366 1429 vivente,
381 1351 717 1432 archiepiscopatum
733 1354 907 1434 suscipere
923 1355 1164 1434 praesumpsit;

213 1450 380 1512 canonica
415 1458 533 1512 tamen
564 1448 774 1530 professione
809 1451 953 1531 praefato
989 1451 1167 1514 Doruber·

214 1550 311 1610 nensi
330 1548 592 1630 archiepiscopo
613 1547 792 1628 Stigando,
808 1569 876 1611 non
897 1569 960 1611 suo
977 1550 1167 1613 ordinatori

214 1645 368 1709 Aldredo
401 1647 508 1710 facta.
576 1645 725 1727 Insuper
758 1655 791 1709 et
826 1648 899 1726 ipso
937 1643 1167 1710 Eboracensis

214 1743 509 1825 archiepiscopus
543 1741 618 1823 ejus
649 1742 837 1817 ordinator,
869 1762 985 1805 coram
1016 1764 1099 1824 rege
1132 1754 1167 1807 et

214 1842 313 1922 regni
361 1841 600 1924 optimatibus,
643 1840 720 1922 ipso
768 1839 935 1921 Stigando
983 1842 1167 1906 factitante

213 1947 357 2022 propter
367 1940 653 2020 subsequentium
664 1938 865 2014 calumnias
877 1940 1032 2021 profiteri
1043 1940 1167 2021 jussus

214 2045 280 2113 est,
312 2058 350 2101 se
374 2039 519 2107 ,nullum
545 2036 605 2118 jus
635 2035 879 2100 ecclesiasticae
906 2056 967 2099 seu
998 2038 1168 2101 secularis

215 2134 441 2216 subjectionis
467 2150 676 2214 supereum
703 2133 865 2215 deinceps
890 2134 978 2197 velle
1003 2135 1167 2210 clamare,

215 2252 279 2294 nec
294 2241 438 2314 propter
455 2230 549 2313 quod
564 2231 607 2292 ab
628 2249 668 2293 eo
685 2239 904 2295 consecratus
920 2240 984 2307 est,
1001 2253 1065 2295 nec
1083 2234 1166 2313 quia

216 2338 297 2392 ante
325 2329 621 2393 consecrationem
649 2328 725 2411 ejus
750 2330 938 2392 monachus
960 2330 1074 2393 factus
1100 2338 1165 2393 est.

218 2427 329 2492 Facta
343 2436 398 2490 est
412 2435 529 2491 autem
552 2426 627 2490 haec
644 2425 737 2489 illius
758 2427 925 2490 ordinatio
941 2446 1032 2490 anno
1049 2428 1166 2491 aetatis

216 2545 289 2588 suae
312 2526 392 2608 plus
416 2524 718 2607 quinquagesimo,
737 2526 833 2606 regni
849 2544 930 2589 vero
953 2527 1045 2606 regis
1069 2525 1165 2588 Ead-

217 2623 326 2686 wardi
341 2643 433 2686 anno
449 2629 545 2698 xx⁰.,
561 2623 747 2685 indictione
763 2637 827 2685 XV.

267 2720 445 2784 Strenuus-
456 2720 530 2782 dux
549 2718 842 2783 west-Saxonum
861 2721 1052 2797 Haroldus,
1063 2721 1167 2805 jussu
1192 2733 1325 2772 Μωσε-

216 2819 309 2897 regis
341 2818 541 2894 Eadwardi,
571 2824 652 2898 post
678 2817 908 2881 Nativitatem
931 2819 1074 2881 Domini
1107 2819 1168 2900 [25
1179 2799 1317 2888 medune

218 2913 335 2998 Dec.],
358 2916 519 2996 equitatu
546 2934 613 2977 non
639 2915 749 2978 multo
769 2935 883 2978 secum
909 2925 1102 2998 assumpto,
1125 2917 1167 2979 de
1180 2897 1309 2994 ἷζὶᾗίῗιῖἕη,

218 3011 420 3089 Glaworna,
436 3013 495 3076 ubi
516 3031 579 3075 rex
601 3019 683 3075 tunc
705 3015 914 3089 morabatur,
937 3014 981 3076 ad
1006 3014 1168 3078 Rudelan

217 3111 328 3173 multa
354 3131 434 3173 cum
457 3110 676 3173 festinatione
703 3110 877 3192 profectus
903 3117 967 3186 est,
986 3119 1026 3174 ut
1051 3131 1168 3191 regem

217 3208 448 3271 Walanorum
482 3205 675 3282 Griffinum,
711 3216 853 3289 propter
884 3208 1079 3289 frequentes
1110 3209 1169 3272 de·

217 3306 462 3387 populationes
490 3323 578 3387 quas
604 3305 641 3367 in
661 3305 854 3384 Anglorum
876 3305 999 3367 finibus
1028 3307 1167 3386 agebat,

218 3422 259 3466 ac
277 3404 504 3466 verecundias
529 3421 617 3484 quas
633 3403 770 3465 domino
791 3422 854 3465 suo
878 3404 949 3482 regi
972 3401 1168 3466 Eadwardo

218 3519 312 3582 saepe
338 3502 501 3577 faciebat,
530 3501 711 3564 occideret.
764 3501 814 3563 At
839 3500 909 3575 ille,
935 3501 1010 3582 ejus
1038 3501 1168 3563 adven·

220 3606 258 3660 tu
292 3600 519 3678 praecognito,
553 3597 672 3677 fugam
705 3616 782 3660 cum
814 3599 887 3659 suis
919 3598 1006 3671 iniit,
1042 3617 1167 3659 navem

219 3695 387 3771 ascendit,
403 3704 439 3758 et
457 3696 517 3758 vix
543 3697 664 3758 evasit.
717 3693 895 3756 Haroldus
918 3712 1012 3768 vero,
1030 3702 1069 3755 ut
1090 3714 1167 3756 eum

217 3793 348 3873 fugisse
381 3792 560 3873 comperit,
587 3791 753 3872 palatium
778 3790 968 3865 incendere,
999 3798 1034 3852 et
1060 3810 1169 3854 naves

218 3890 294 3972 ejus
312 3909 389 3952 cum
407 3890 629 3951 armamentis
641 3889 840 3950 comburere
852 3888 970 3969 jussit,
981 3888 1169 3968 eodemque

219 3988 273 4051 die
299 3988 418 4051 rediit:
459 3987 519 4048 sed
544 3986 636 4049 circa
666 3985 879 4064 Rogationes
910 3981 968 4066 [26
993 3984 1099 4064 Maii]
1128 3986 1170 4048 de
