3098 4770
344 343 409 406 114
715 352 924 401 CHRONICON

345 507 674 589 comprehendentes
696 506 918 580 interficiunt,
933 506 1082 586 pecudes
1104 512 1138 567 ct
1161 522 1299 585 pecora,

345 627 424 690 quae
442 604 675 688 depraedando
698 611 873 685 ceperant,
888 605 1080 678 excutiunt,
1096 603 1198 666 biduo
1215 603 1300 664 civi-

345 713 454 769 tatem
480 704 650 777 obsident,
665 710 801 782 segetes
825 703 951 783 partim
977 703 1057 783 igne
1083 703 1301 774 comburunt,

346 804 473 885 partim
491 801 713 882 sonipedibus
737 801 959 863 distribuunt.
1012 800 1101 863 Haec
1124 809 1202 861 acta
1219 808 1301 859 sunt

347 908 427 984 post
443 902 525 963 anni
552 901 731 974 circulum,
750 918 794 962 ex
818 918 887 979 quo
910 899 1069 980 partibus
1095 898 1137 959 de
1156 896 1301 959 Gallicis

346 1002 474 1064 ostium
491 1000 601 1062 amnis
619 999 771 1061 Limenac
784 995 1023 1060 intraverant.¹

200 1119 316 1158 noas.
399 1099 500 1178 Saepe
524 1098 638 1160 dictus
662 1096 886 1174 Paganorum
902 1095 1087 1168 exercitus,
1103 1093 1184 1173 quia
1211 1089 1304 1151 unde

184 1184 317 1271 ἶξξῖἆξῖἒ·
348 1197 507 1257 viverent
534 1212 603 1254 non
627 1192 813 1266 habebant,
835 1201 960 1255 cuncta
991 1194 1081 1254 enim
1110 1191 1177 1253 illis
1203 1187 1303 1250 Chri-

184 1283 263 1321 ΨΜ·
348 1291 453 1354 stiani
475 1290 704 1364 abstulerant,
726 1297 853 1352 terram
877 1288 1203 1370 Septentrionalium
1226 1285 1305 1347 Bri·

348 1397 469 1452 tonum
494 1395 631 1469 petunt,
653 1405 758 1468 quam
784 1388 887 1468 longe
916 1388 1054 1468 lateque
1071 1387 1304 1458 devastantes

185 1499 334 1586 mgr!
349 1487 502 1569 praedam
536 1504 641 1566 quam
670 1485 859 1548 maximam
892 1503 1008 1548 secum
1036 1485 1196 1548 educunt.
1259 1480 1307 1544 Et

185 1560 279 1644 Mfiuerr
351 1586 515 1668 quoniam
539 1592 681 1665 propter
709 1584 907 1646 Mercenscs
933 1584 1096 1666 repedare
1125 1601 1186 1663 per
1211 1579 1307 1641 Mer·

350 1686 440 1747 ciam
465 1702 534 1746 non
561 1683 748 1757 audebant,
774 1683 870 1763 prius
898 1700 960 1762 per
985 1679 1305 1762 Northhymbriam,

351 1782 475 1843 deinde
512 1800 574 1860 per
611 1781 903 1842 Mediterraneam
931 1779 1107 1858 Angliam‚
1140 1776 1307 1838 uxoribus

350 1878 568 1955 navibusque
593 1877 666 1938 suis
698 1876 844 1955 receptis
870 1877 907 1936 in
932 1875 1177 1954 East·Anglia,
1200 1873 1309 1934 modi-

351 1992 429 2035 cam
458 1973 633 2054 quandam
661 1971 824 2047 insulam,
855 1972 1010 2054 Meresig
1038 1972 1176 2048 dictam,
1207 1978 1243 2034 et
1272 1970 1308 2032 in

353 2071 515 2134 orientali
552 2071 659 2152 plaga
696 2070 963 2133 East-Saxoniae
1002 2072 1039 2134 in
1077 2071 1164 2133 mari
1193 2071 1309 2143 sitam,

185 2179 310 2218 werdhe
352 2168 493 2232 adeunt.
556 2168 689 2231 Eodem
719 2187 810 2231 anno
848 2168 952 2231 iidem
980 2170 1047 2250 ipsi
1075 2188 1138 2250 per
1166 2168 1309 2231 fluvium

187 2230 281 2268 Thames
290 2227 333 2266 and

187 2267 574 2373 ffi;',;¹,¹},f⁰¹·Tam0¹¹S‘³m2
602 2272 637 2328 et
662 2265 884 2346 postmodum
915 2285 978 2346 per
1002 2285 1136 2328 amnem
1163 2265 1307 2344 Ligean,

188 2376 268 2415 mm.
354 2381 435 2425 suas
451 2380 559 2425 naves
575 2381 713 2424 sursum
725 2369 920 2437 traxerunt,
935 2364 1069 2444 sibique
1083 2363 1309 2426 munitionem

353 2479 462 2542 prope
485 2461 600 2541 ipsum
623 2479 772 2536 amnem,
797 2478 866 2524 xx.
881 2460 1050 2523 milliariis
1071 2480 1093 2523 a
1114 2460 1308 2535 Lundonia,

354 2557 527 2621 aedificare
541 2556 749 2639 coeperunt.¹

207 2664 324 2704 Amit-
405 2656 556 2718 AEstatis
578 2665 746 2737 tempore,
762 2674 889 2735 magna
916 2675 998 2737 pars
1018 2657 1144 2720 civium
1169 2656 1309 2719 Lundo-

189 2727 341 2766 Thebondon-
380 2753 386 2767 .

107 2771 120 2783 ⁸
189 2779 325 2871 {g'dssffim
353 2755 536 2829 mensium,
559 2760 594 2815 et
621 2753 664 2815 de
687 2754 810 2816 vicinis
832 2753 918 2816 locis
946 2755 1180 2835 quamplures,
1197 2754 1308 2816 muni·

190 2873 320 2913 trannin
354 2853 483 2913 tionem
510 2870 616 2931 quam
641 2852 706 2914 sibi
730 2850 866 2930 Pagani
894 2852 1106 2915 aedificarunt
1132 2852 1308 2915 destruere

190 2923 304 3011 ἱῗὲἷιῖῗὼ
353 2949 564 3025 moliuntur;
589 2949 650 3011 sed
674 2949 743 3011 illis
768 2949 904 3011 fortiter
933 2951 1185 3024 resistentibus,
1210 2950 1308 3013 Chri-

354 3047 460 3109 stiani
473 3047 510 3108 in
521 3046 639 3126 sugam
651 3054 846 3120 vertuntur,
861 3054 1078 3127 quatuorque
1088 3048 1130 3110 de
1142 3048 1309 3111 ministris

353 3145 446 3223 regis
470 3143 618 3206 AElfredi
641 3145 855 3207 occiduntur.
909 3144 990 3225 Ipse
1014 3154 1130 3208 autem
1147 3150 1221 3220 rex,
1248 3165 1310 3208 au·

353 3242 499 3304 tumnali
528 3250 693 3322 tempore,
718 3261 785 3304 non
810 3243 913 3322 longe
944 3245 988 3305 ab
1016 3245 1100 3305 urbe
1127 3250 1311 3306 castrame-

354 3345 450 3400 tatus
479 3347 540 3412 est,
561 3359 603 3402 ea
624 3340 666 3401 de
689 3359 806 3414 causa,
824 3360 867 3402 ne
896 3340 1032 3420 Pagani
1057 3360 1202 3403 messem
1228 3360 1309 3421 pro-

192 3454 274 3494 mmm
354 3435 562 3498 vincialibus
586 3438 621 3498 vi
647 3437 830 3499 auferrent.
885 3437 1046 3513 Quodam
1070 3458 1152 3502 vero
1177 3440 1309 3502 dierum

192 3507 310 3592 ididf²w⁰
354 3552 416 3613 per
432 3535 526 3614 ripas
554 3536 665 3596 amnis
689 3555 753 3597 rex
777 3537 950 3614 equitans
974 3537 1205 3600 consideravit
1225 3556 1311 3618 quo·

356 3650 436 3692 nam
465 3632 501 3692 in
531 3630 607 3693 loco
635 3632 772 3694 alveum
803 3633 895 3695 illius
922 3635 1126 3711 obstrueret,
1150 3655 1193 3698 ne
1218 3635 1311 3698 Dani

355 3747 437 3790 suas
470 3730 653 3792 extrahere
685 3749 793 3792 naves
830 3741 996 3811 possent:
1036 3753 1098 3796 nec
1128 3753 1235 3809 mora,
1266 3752 1311 3796 ex

390 3965 395 3992 ¹
414 3965 468 4012 The
491 3966 621 4028 loregoing
644 3970 666 4015 is
693 3970 756 4017 from
779 3971 820 4018 the
849 3973 929 4032 rently
941 3973 1003 4019 from
1016 3987 1031 4020 a
1043 3971 1099 4020 MS.
1112 3972 1218 4032 varying
1232 3974 1314 4020 consi·

353 4033 438 4080 Saxou
459 4033 602 4095 Clrrouicle,
626 4037 721 4097 though
742 4054 820 4098 appa·
848 4041 953 4099 derably
965 4041 1026 4088 irom
1039 4041 1109 4087 those
1121 4055 1176 4088 now
1189 4046 1285 4091 extant.
