3098 4770
442 340 635 386 nnonnuru
664 340 945 389 wrooamnusrs.
1100 324 1167 390 227

214 500 314 574 parte
340 494 478 557 fuerant
501 494 645 568 dimissi,
660 495 812 576 acceptis
838 495 933 575 prins
961 496 1005 557 ab
1032 495 1082 556 eis
1105 496 1167 557 ob-

213 591 345 654 sidibus
375 599 412 655 et
450 593 688 667 sacramentis,
721 612 797 656 cnm
839 608 906 656 xx.
942 594 1090 656 navibus
1129 604 1166 657 et

211 689 367 771 reliquiis
385 690 573 765 exercitus,
596 690 632 753 in
657 692 803 772 patriam
827 691 936 754 redire
958 691 1065 753 libere
1086 709 1165 771 per-

212 786 331 851 misit.¹
408 796 411 801 ’

262 885 404 950 Interea
435 886 517 950 dum
547 885 622 949 haec
650 895 846 966 agerentur,
881 894 917 950 et
948 905 1011 949 rex
1045 904 1165 948 omnes
1176 905 1309 952 unsina

211 1002 293 1046 suos
316 984 474 1047 inimicos
498 990 696 1047 autumaret
717 983 860 1047 detritos
886 983 1004 1057 fuisse,
1028 954 1311 1050 nuntia-illm

212 1090 286 1145 tum
316 1091 371 1146 est
410 1083 456 1158 ei,
487 1082 701 1145 Willelmum
732 1083 890 1146 comitem
927 1079 1040 1161 gentis
1072 1080 1167 1144 Nor·

215 1180 383 1243 mannicae
416 1199 496 1243 cum
533 1180 713 1243 innumera
748 1178 967 1243 multitudine
998 1179 1166 1260 equitnm,

215 1277 497 1354 fundibaliorum,
534 1278 802 1358 sagittariorum,
844 1277 1066 1358 peditumque
1103 1276 1166 1338 ad·

217 1376 364 1449 venisse,
392 1383 514 1457 utpote
543 1375 604 1456 qui
636 1375 679 1437 de
710 1381 785 1437 tota
814 1373 932 1438 Gallia
962 1374 1029 1435 sibi
1058 1373 1166 1437 fortes

217 1474 420 1537 auxiliarios
442 1472 670 1549 conduxerat,
687 1478 723 1535 et
744 1473 780 1535 in
807 1471 883 1536 loco
910 1471 970 1553 qui
996 1470 1167 1535 Pclnesea

217 1572 342 1635 dicitur
366 1591 465 1636 suam
488 1571 634 1634 classem
653 1570 838 1652 appulisse.
892 1569 993 1634 Unde
1012 1589 1073 1632 rex
1095 1577 1284 1633 sta-monor

217 1670 278 1730 tim
311 1689 431 1731 versus
463 1669 681 1732 Lundoniam
705 1687 806 1730 suum
837 1668 944 1729 movit
976 1668 1166 1730 exercitum
1180 1640 1292 1686 ⁸⁸⁸⁰''⁸⁸'

215 1785 441 1846 magnacum
463 1765 704 1844 festination03
727 1771 763 1829 et
784 1765 864 1828 licet
882 1764 924 1827 de
944 1771 1020 1828 tota
1035 1763 1168 1846 Anglia

221 1864 382 1926 fortiores
398 1883 556 1945 quosque
579 1865 615 1927 in
639 1863 773 1945 proeliis
789 1864 923 1926 duobus
950 1864 1039 1926 benc
1064 1863 1169 1926 sciret

211 1961 286 2044 jam
312 1961 488 2037 cecidisse,
511 1962 729 2044 mediamque
751 1969 885 2042 partem
908 1961 963 2023 sui
992 1959 1171 2024 exercitus

219 2058 372 2122 nondum
388 2061 605 2134 convenisse,
628 2058 847 2140 quamcitius
864 2067 979 2122 tamen
992 2057 1118 2138 potuit,
1132 2055 1169 2120 in

218 2156 481 2220 Suth-Saxonia
503 2157 576 2219 suis
601 2155 757 2219 hostibus
772 2174 950 2220 occurrere
966 2174 1035 2218 non
1050 2155 1170 2219 formi-

218 2253 327 2330 davit,
344 2261 382 2317 et
399 2273 522 2319 novem
546 2253 702 2317 miliariis
727 2254 772 2317 ab
795 2253 1004 2334 Heastinga,
1021 2254 1081 2317 ubi
1102 2254 1169 2316 sibi

217 2352 401 2414 castellum
417 2351 652 2428 firmaverant,
666 2352 865 2434 priusquam
890 2353 992 2416 tertia
1009 2370 1092 2433 pars
1113 2351 1170 2414 sui

217 2450 393 2513 exercitus
424 2449 652 2526 ordinaretur,
683 2465 738 2514 x1.
768 2448 839 2514 kal.
870 2445 1078 2513 Novembris
1109 2445 1170 2532 [22

219 2545 329 2632 Oct.],
344 2547 512 2624 Sabbato,
532 2567 610 2611 cum
633 2547 684 2611 eis
706 2548 865 2630 proelium
891 2547 1083 2612 commisit:
1106 2546 1168 2610 sed

217 2646 299 2725 quia
316 2654 395 2708 arto
409 2647 447 2710 in
461 2646 538 2710 loco
552 2645 732 2710 constituti
749 2646 887 2710 fuerant
900 2645 1019 2728 Angli,
1034 2646 1077 2708 de
1094 2645 1169 2708 acie

217 2761 255 2805 so
287 2743 389 2806 multi
418 2738 697 2820 subtraxere,'ct
722 2763 800 2807 cum
825 2763 867 2807 eo
899 2743 1064 2826 perpauci
1089 2761 1172 2804 cou-

216 2847 350 2905 stantes
380 2842 485 2905 corde
513 2860 732 2906 remansere:
759 2841 804 2904 ab
834 2842 920 2905 hora
952 2850 1069 2904 tamen
1100 2839 1169 2902 dici

217 2939 321 3002 tertia
335 2958 448 3021 usque
461 2941 574 3004 noctis
599 2940 840 3021 crepusculum
864 2939 937 3002 suis
959 2937 1169 3002 adversariis

217 3036 346 3099 restitit
376 3038 575 3113 fortissime,
598 3045 634 3100 et
663 3056 702 3100 se
733 3037 845 3119 ipsum
875 3035 1062 3117 pugnando
1093 3042 1167 3097 tam

215 3133 352 3197 sortiter
367 3135 521 3199 defendit
542 3141 579 3199 et
600 3144 671 3197 tam
694 3142 845 3210 strenue,
859 3141 899 3196 ut
913 3134 972 3196 vix
986 3132 1032 3195 ab
1049 3132 1168 3195 hostili

215 3231 365 3294 interimi
377 3240 496 3313 posset
510 3233 660 3313 agmine.
710 3231 761 3295 At
783 3238 967 3313 postquam
987 3249 1033 3293 ex
1055 3229 1108 3292 his
1132 3236 1168 3292 et

214 3328 283 3391 illis
308 3330 554 3412 quamplurimi
576 3348 748 3405 corruere,
772 3329 849 3404 heu,
873 3329 1019 3410 ipsemet
1043 3326 1168 3391 cecidit

215 3429 411 3507 crepusculi
448 3436 615 3510 tempore.
667 3426 818 3491 Comites
845 3426 948 3489 etiam
980 3425 1095 3507 Gyrth
1132 3432 1169 3488 et

217 3523 418 3588 Leolwinus
449 3526 574 3590 fratros
599 3526 692 3589 illius
718 3524 882 3599 cecidere,
906 3531 943 3588 et
969 3523 1041 3586 sere
1069 3523 1167 3586 nobi·

215 3621 318 3684 liores
337 3624 446 3687 totius
461 3623 625 3705 Angliae3
652 3623 845 3687 Willelmus
859 3640 942 3685 vero
958 3637 1074 3683 comes
1088 3638 1168 3684 cum

214 3719 287 3781 suis
314 3719 550 3801 Heastingam
575 3720 701 3784 rediit.2
752 3720 928 3801 Regnavit
951 3725 1067 3780 autom
1089 3716 1168 3779 Ha-

250 3903 336 3956 ¹Sax.
358 3906 463 3967 chron„
483 3906 578 3969 though
601 3922 682 3967 appa·
742 3905 752 3933 ²
785 3907 947 3967 Heortingom
979 3904 1077 3966 redita]
1122 3903 1173 3951 For

213 3975 295 4035 rently
313 3975 375 4023 from
394 3989 409 4024 a
429 3975 484 4024 lllS.
503 3990 535 4023 no
552 3975 639 4036 longer
657 3977 682 4022 in
707 3976 783 4024 fuller
802 3975 952 4035 particulare
971 3973 1000 4021 ol
1019 3972 1061 4020 the
1080 3973 1173 4021 battles

214 4046 351 4093 existence.
707 4044 736 4091 ol
742 4043 867 4091 stamford
877 4042 971 4104 Bridge
978 4041 1029 4089 and
1038 4041 1173 4101 Hastiugs,

954 4138 1004 4182 02
