3098 4770
339 310 405 374 198
714 327 924 375 cHRON100N

970 408 984 430 .

342 481 451 543 Venit
466 488 501 542 et
518 482 698 543 Danorum
723 482 896 544 exercitus
920 481 962 543 de
985 478 1293 559 Grantebrycgeie,

342 586 377 640 et
391 578 488 640 illum
513 578 549 640 in
574 579 748 641 dominum
764 586 799 642 et
816 587 998 659 patronum
1016 577 1154 657 delegit,
1171 584 1207 638 et
1228 575 1294 636 boo

339 675 560 755 juramentis,
579 685 618 739 ut
631 678 706 757 ipse
720 676 843 751 voluit,
858 674 1058 740 roboravit.¹

192 806 308 845 anon.
394 773 590 852 AEgelfleda
631 775 840 836 Merciorum
876 776 1015 838 domina
1051 775 1086 836 iu
1124 770 1292 852 principio

176 873 289 959 ξξξξςὲξξξ
342 871 435 946 anni,
453 891 532 934 cum
556 872 687 935 auxilio
712 872 790 947 Dei,
808 871 1131 953 Leogereceastram
1152 868 1295 949 pacifice

176 969 307 1057 magd·
343 970 540 1051 acquisivit,
564 978 598 1033 et
621 972 811 1034 exercitum
835 970 1026 1042 Danorum,
1053 968 1112 1048 qui
1135 966 1177 1029 ad
1199 966 1295 1028 illam

342 1068 551 1147 pertinebat,
575 1069 680 1130 ferme
711 1076 820 1131 totum
847 1069 882 1129 in
907 1067 1115 1130 deditionem
1138 1064 1295 1143 accepit;

343 1164 399 1226 cui
414 1167 517 1226 etiam
537 1165 630 1226 Dani
645 1166 704 1244 qui
720 1165 886 1226 Eboracae
902 1165 1144 1244 praesidebant,
1156 1161 1296 1243 quidam

342 1268 448 1340 pacto
476 1261 615 1342 quidam
637 1261 847 1342 juramento,
871 1262 1093 1324 firmaverunt
1121 1279 1158 1322 se
1186 1259 1295 1340 ipsius

344 1358 517 1421 voluntati
550 1366 585 1420 et
613 1359 757 1421 consilio
788 1361 823 1421 in
857 1360 1014 1422 omuibus
1043 1355 1297 1421 eonsensrrros.‘³

177 1483 304 1522 nnana
344 1455 427 1520 Rex
441 1447 688 1519 invictissimus
717 1457 932 1520 Eadwardus
962 1456 1095 1530 Senior,
1119 1461 1198 1536 post
1222 1454 1297 1517 Ro-

177 1532 318 1620 {llllhl‘l
344 1554 505 1635 gationes
538 1554 594 1635 [31
627 1554 745 1634 MaiiJ,
776 1575 854 1617 cum
893 1554 1049 1617 exercitu
1075 1552 1296 1616 Staufordam

179 1630 303 1670 mm·
344 1653 520 1733 prolectas
536 1661 600 1728 est,
618 1655 819 1734 firmamque
843 1655 876 1715 in
903 1652 1047 1717 australi
1064 1652 1169 1733 plaga
1185 1651 1296 1712 amnis

344 1750 494 1813 Welund
512 1770 626 1814 arcem
641 1753 800 1826 munivit,
819 1761 853 1816 et
880 1772 948 1815 nou
971 1752 1083 1814 solum
1100 1750 1220 1813 Dauos
1238 1749 1298 1828 qui

344 1847 379 1908 in
417 1850 677 1927 septentrionali
710 1849 817 1928 plaga
853 1848 1007 1929 ejusdem
1037 1848 1147 1910 amnis
1184 1865 1297 1909 arcem

345 1945 521 2020 tenebant,
538 1944 597 2006 sed
615 1954 650 2008 et
667 1964 785 2008 omnes
812 1947 871 2024 qui
894 1946 937 2006 ad
959 1944 1054 2006 illam
1070 1944 1298 2023 pertinebant,

180 2067 285 2107 nenena
345 2041 382 2103 in
397 2041 604 2105 deditionem
623 2043 768 2123 aceepit.
821 2043 915 2106 Dum
931 2042 1006 2104 haec
1024 2047 1186 2122 aguntur,
1201 2059 1300 2103 soror

181 2117 313 2157 ΜΘΝ·
345 2139 440 2203 illius
478 2140 685 2221 AEgelfleda,
721 2141 931 2204 Marciorum
968 2140 1118 2214 domina,
1154 2138 1300 2219 insignis

346 2238 540 2317 prudentiae
555 2245 590 2300 et
607 2239 756 2320 justitiae
772 2239 979 2318 virtutisque
994 2237 1131 2300 eximiae
1146 2234 1300 2311 soemina,

346 2343 473 2397 octavo
510 2354 601 2397 anuo
633 2355 678 2398 ex
707 2354 777 2417 quo
807 2336 883 2399 sola
912 2354 1058 2416 regnum
1091 2334 1300 2397 Marciorum

347 2438 490 2494 strenuo
502 2431 672 2514 justoque
688 2434 779 2496 rexit
797 2434 1042 2510 moderamine,
1061 2449 1143 2496 xix.
1160 2431 1301 2496 kalend.

347 2528 371 2592 J
375 2527 450 2591 ulii³
471 2531 568 2606 obiit,
586 2538 622 2594 et
648 2531 785 2593 unicam
809 2531 915 2593 filiam
941 2550 1040 2593 suam
1065 2527 1302 2612 AElfwyunam

348 2646 394 2689 ex
430 2627 620 2691 AEtheredo
657 2628 844 2708 subregulo
883 2635 1093 2710 susceptam,
1131 2628 1303 2692 haeredem

348 2727 447 2806 regni
461 2726 620 2805 reliquit;
637 2726 738 2807 cujus
748 2743 874 2806 corpus
888 2723 1127 2789 Glawornam⁴
1139 2725 1304 2801 delatum,
1355 2755 1358 2761 ·

348 2823 382 2884 in
395 2824 543 2886 ecclesia
556 2823 677 2886 Sancti
689 2823 786 2887 Petri
800 2831 854 2886 est
869 2823 1056 2887 honorifice
1073 2817 1307 2886 tumulatum.⁵

348 2919 453 2996 Quod
486 2930 526 2984 ut
559 2922 632 3002 regi
662 2923 862 2985 nunciatum
904 2929 970 2998 est,
1000 2921 1306 3001 Tomwurtbigene

385 3115 472 3166 'San
496 3117 591 3168 chron.
614 3133 639 3168 a.
659 3123 718 3168 921.
760 3120 813 3168 De-
874 3117 956 3168 ³x1x.
965 3119 1112 3182 baldelii]
1129 3119 1233 3168 Twelve
1241 3120 1307 3180 days

347 3187 435 3234 functo
456 3187 591 3236 Werstauo
623 3188 815 3236 Scireburneusi
840 3188 924 3236 before
934 3189 1111 3236 hlidsummer.
1139 3187 1199 3236 Sax.
1212 3188 1307 3238 Chron.

346 3257 478 3316 episcopo,
490 3257 614 3304 successit
626 3256 814 3304 AEthelbaldus.
875 3256 885 3283 ⁴
904 3255 1079 3318 Glowomam]
1098 3255 1257 3305 Gloueester.

347 3325 414 3372 Add.
434 3325 485 3372 alio
503 3340 583 3373 manu.
622 3325 815 3385 uisendum,
875 3323 1080 3385 ‘Tantulntuml
1110 3325 1307 3374 'l'bedatehere

348 3407 377 3440 as
394 3393 453 3440 well
471 3394 534 3440 from
552 3393 594 3440 the
609 3393 774 3454 discrepance
791 3394 819 3441 of
842 3395 916 3455 given
929 3395 967 3441 sor
978 3393 1020 3440 the
1037 3392 1113 3441 death
1124 3393 1153 3440 of
1162 3393 1307 3442 AEthelflaed

347 3460 421 3507 dates
435 3473 464 3507 as
483 3461 545 3507 from
563 3461 605 3509 the
622 3476 690 3510 more
708 3463 816 3509 circum·
841 3463 863 3509 is
885 3462 1023 3510 consistent
1044 3461 1108 3508 with
1133 3461 1189 3509 tbat
1213 3462 1242 3510 of
1261 3463 1308 3511 ber

347 3529 452 3576 stantial
479 3529 605 3577 narrative
634 3530 662 3577 of
686 3530 816 3588 Florence,
841 3530 911 3590 eight
933 3531 1016 3590 years'
1039 3530 1095 3578 rule
1117 3545 1177 3578 over
1200 3530 1308 3590 Marcia,

348 3596 403 3644 that
415 3596 446 3644 he
462 3602 538 3655 must,
550 3598 575 3644 in
592 3598 643 3645 this
661 3604 718 3658 part
732 3598 761 3646 of
773 3599 815 3647 the
841 3599 905 3646 after
917 3598 959 3647 the
967 3599 1043 3646 death
1050 3598 1079 3646 os
1087 3598 1216 3659 AEthered,
1222 3599 1308 3648 which

348 3665 455 3726 history,
472 3666 536 3712 have
557 3665 608 3713 had
628 3667 713 3715 before
730 3666 782 3713 him
801 3681 816 3714 a
841 3667 977 3727 happened
988 3668 1015 3714 in
1026 3671 1083 3714 911.
1101 3666 1155 3716 The
1164 3666 1310 3726 Chronicle,

349 3733 408 3781 MS.
431 3734 460 3780 os
484 3734 526 3782 the
553 3732 687 3783 Chronicle
711 3737 817 3797 varying
842 3735 937 3796 though
948 3737 1079 3797 assigning
1095 3735 1137 3783 the
1149 3750 1218 3784 same
1230 3737 1308 3784 dura·

348 3803 526 3863 considerably
543 3802 606 3851 from
627 3818 677 3864 any
695 3818 752 3852 now
771 3819 815 3852 ex·
841 3805 894 3852 tion
901 3809 927 3851 to
935 3805 981 3852 her
990 3809 1159 3866 government,
1171 3805 1257 3865 places
1265 3805 1311 3853 her

348 3876 412 3919 tant.
841 3873 917 3921 death
929 3873 955 3920 in
973 3877 1031 3933 918,
1042 3874 1092 3920 and
1110 3875 1185 3934 again
1201 3873 1228 3920 iu
1245 3876 1311 3930 912ς

841 3947 884 4001 yet
895 3942 998 3990 records
1014 3942 1056 3989 the
1068 3942 1209 4001 deposition
1222 3940 1250 3988 of
1265 3941 1310 3988 ber

384 4003 393 4030 ²
409 4006 471 4055 Sax.
482 4005 576 4055 Chr-on.
589 4023 613 4056 a.
626 4012 684 4056 918.
828 4059 830 4066 ¹
841 4010 967 4070 daughter
979 4012 1003 4057 in
1016 4013 1071 4057 919.
