3098 4770
365 334 433 398 262
740 345 949 394 caaoarcort

203 523 262 561 an.
276 524 321 562 zoa,
368 505 480 568 tenuit
502 501 733 565 Orientalium
752 502 966 584 Anglorum3
992 502 1192 565 iunocenter
1212 501 1315 575 enim,

368 601 549 682 subparis
572 600 713 674 foedere,
731 602 865 664 occisus
879 608 932 664 est
952 601 996 662 ab
1020 597 1099 663 offa
1121 617 1204 678 rego
1223 598 1316 661 bler-

369 699 511 763 ciornm.
558 699 694 762 Deinde
717 700 881 781 perpauci
904 716 1002 779 reges
1024 697 1060 759 in
1079 695 1316 776 East-Anglia

369 816 432 878 per
462 813 538 859 uxr.
570 816 680 860 annos
718 803 949 878 regnaverunt
984 801 1161 875 potentes;
1200 792 1316 875 quoad

370 896 514 959 ultimus
528 916 660 971 eorum,
674 902 816 959 sanctus
829 892 1063 967 Eadmundus,
1075 902 1199 956 nactus
1212 891 1317 955 fuerit

370 994 505 1057 culmen
522 995 719 1074 regiminis;
743 1012 844 1075 quem
859 1011 950 1055 anno
964 990 1063 1073 regni
1076 992 1131 1053 sui
1144 996 1233 1054 va.
1250 1008 1314 1053 rex

370 1110 529 1173 patrenus
556 1091 720 1171 Hinguar
750 1089 996 1171 martyrizavit.
1047 1088 1104 1151 Ex
1132 1106 1201 1170 quo
1227 1094 1316 1150 tem·

370 1208 454 1269 pore
471 1186 766 1268 Anglo·Saxones
787 1188 822 1249 in
845 1186 1076 1267 least-Angue
1096 1204 1242 1266 regnare
1259 1184 1318 1247 de-

371 1285 459 1347 siere
481 1286 579 1347 annis
602 1285 672 1349 sere
696 1302 749 1364 n.;
776 1291 851 1348 erat
874 1286 963 1348 enim
985 1286 1062 1367 ipsa
1082 1286 1212 1366 absque
1232 1302 1316 1364 rege

373 1399 426 1445 rx.
445 1383 543 1444 annis
566 1383 679 1463 plene,
706 1401 919 1466 paganorum
937 1385 1113 1447 Danorum
1132 1382 1317 1463 direptioni

371 1489 478 1561 atque
503 1481 618 1542 nimiae
643 1483 821 1544 substrata
847 1481 1095 1557 dilacerationi,
1119 1482 1180 1561 qui
1202 1478 1317 1543 conati

371 1585 453 1640 sunt
478 1597 520 1641 ea
547 1587 752 1659 tempestate
779 1586 889 1641 totam
915 1578 1075 1659 Angliam
1100 1598 1174 1641 suae
1196 1577 1317 1640 ditioni

371 1676 552 1758 subjicere.
606 1676 694 1740 Post
710 1678 746 1739 in
763 1677 834 1752 illa,
848 1677 948 1740 simul
963 1685 998 1740 et
1010 1676 1047 1739 in
1061 1675 1317 1740 East·Saxouia

370 1775 478 1838 ferme
511 1783 597 1849 tota,
629 1776 784 1839 Danicus
814 1795 875 1839 rex
909 1774 1080 1839 Gutbrum
1111 1774 1209 1838 annis
1235 1790 1318 1849 xla,

372 1870 510 1945 Eobrio,
526 1890 629 1951 quem
645 1872 754 1951 Angli
769 1880 986 1951 peremerunt
1000 1874 1036 1934 in
1050 1891 1180 1954 pugna,
1193 1889 1318 1951 regna·

371 1968 423 2030 vit
444 1967 544 2029 annis
570 1967 840 2049 quatuordecim.
892 1968 1025 2031 Deinde
1045 1987 1068 2030 a
1090 1968 1234 2032 Daniois
1257 1986 1318 2030 oo·

371 2065 513 2128 mitibus
546 2066 659 2128 ambae
691 2066 821 2128 tamdiu
853 2067 1094 2147 premebantur
1119 2065 1317 2147 provinciae,

371 2182 551 2245 quousque
574 2182 639 2226 rex
662 2163 853 2226 Edwardus
876 2163 1008 2240 Senior,
1028 2164 1155 2227 multos
1179 2183 1225 2227 ex
1247 2162 1317 2225 illis

370 2260 569 2336 occidendo,
597 2260 777 2324 nonnullos
806 2269 922 2343 partes
947 2262 1194 2326 transmarinas
1221 2261 1317 2324 adiro

370 2357 536 2437 cogendo,
553 2356 709 2421 residuos
724 2359 759 2421 in
774 2359 979 2423 deditionem
996 2361 1141 2441 accepit,
1156 2379 1198 2423 ac
1214 2360 1317 2423 ambo

369 2474 478 2536 regna
492 2474 599 2535 regno
615 2457 820 2520 annexuerit
834 2457 1134 2522 west-Saxonico.

735 2659 953 2704 marsuam.
1041 2712 1045 2717 ¹
1158 2677 1164 2691 ·

421 2751 478 2815 Uv
502 2772 646 2833 reguum
672 2752 901 2816 Orientalium
930 2752 1122 2834 Anglorum
1150 2758 1232 2834 post
1262 2768 1317 2813 re-

368 2869 476 2930 gnum
490 2850 778 2926 Gantwariorum,
791 2852 840 2913 sic
851 2850 973 2914 babuit
983 2850 1161 2913 exordium
1172 2867 1315 2929 regnum

370 2946 817 3019 Orientalium-Saxonum
851 2968 995 3030 quorum
1015 2966 1115 3027 reges
1135 2946 1207 3010 fere
1226 2964 1317 3009 sem-

368 3064 431 3125 per
452 3045 530 3108 aliis
551 3047 722 3127 parebant
740 3047 892 3126 regibus,
908 3044 1120 3126 frequentius
1142 3051 1257 3108 tamen
1274 3062 1317 3106 ac

369 3142 499 3205 diutius
526 3144 667 3224 regibus
697 3143 951 3216 Mercensibus;
991 3143 1051 3223 qui
1078 3142 1211 3205 scilieet
1234 3147 1317 3204 ante

370 3239 599 3316 Saeberhtum,
639 3241 869 3304 AEtbelberhti
905 3241 996 3321 regis
1039 3238 1316 3303 Gantwariorum

370 3348 530 3418 nepotem
552 3358 597 3401 ex
618 3358 735 3402 sorore
755 3338 898 3421 Rigula,
918 3337 1096 3422 daemoniis
1121 3336 1317 3400 serviebant

370 3434 531 3499 cultibus.
578 3434 644 3498 Ille
659 3456 752 3510 vero,
776 3437 984 3517 praedicante
1006 3435 1152 3510 Mellito,
1174 3435 1316 3497 verbum

369 3533 528 3595 veritatis
544 3552 624 3595 cum
641 3553 704 3595 sua
722 3541 823 3614 gente
838 3535 968 3614 primus
985 3532 1122 3596 illorum
1142 3533 1315 3613 suscepit;

370 3629 430 3710 qui
451 3648 559 3710 regna
581 3632 746 3711 perennia
764 3639 895 3712 petens,
910 3630 999 3693 filios
1017 3649 1109 3706 suos,
1124 3629 1317 3693 Sexredum

370 3734 406 3789 et
433 3727 658 3804 Saewardum,
685 3729 744 3811 qui
766 3729 894 3810 pagani
916 3729 1199 3810 perduraverant,
1219 3726 1318 3807 regni

368 3827 569 3906 temporalis
593 3827 732 3907 reliquit
748 3827 911 3890 haeredes.
963 3827 995 3889 Ii
1013 3846 1122 3907 parvo
1137 3832 1217 3907 post
1232 3832 1317 3887 tem·

369 3941 453 4001 pore
485 3943 506 3985 a
530 3923 843 3987 west-saxonibus
872 3925 906 3986 in
938 3944 1053 4006 pugna
1080 3932 1161 3986 sunt
1190 3922 1316 3997 occisi3

369 4022 494 4097 quibus
518 4024 687 4085 successit
712 4022 947 4103 Sigeberhtus,
973 4028 1201 4104 cognomento
1230 4019 1318 4082 Par-
