<?xml version="1.0" encoding="UTF-8"?>
<!DOCTYPE html PUBLIC "-//W3C//DTD XHTML 1.0 Transitional//EN"
    "http://www.w3.org/TR/xhtml1/DTD/xhtml1-transitional.dtd">
<html xmlns="http://www.w3.org/1999/xhtml" xml:lang="en" lang="en">
 <head>
  <title>
</title>
<meta http-equiv="Content-Type" content="text/html;charset=utf-8" />
  <meta name='ocr-system' content='tesseract 3.04.00' />
  <meta name='ocr-capabilities' content='ocr_page ocr_carea ocr_par ocr_line ocrx_word'/>
</head>
<body>
  <div class='ocr_page' id='page_1' title='image "./florentiiwigorn00florgoog_0175.png"; bbox 0 0 3098 4770; ppageno 0'>
   <div class='ocr_carea' id='block_1_1' title="bbox 333 313 917 379">
    <p class='ocr_par' dir='ltr' id='par_1_1' title="bbox 333 313 917 379">
     <span class='ocr_line' id='line_1_1' title="bbox 333 313 917 379; baseline 0.01 -9"><span class='ocrx_word' id='word_1_1' title='bbox 333 313 399 379; x_wconf 84' lang='lat'>166</span> <span class='ocrx_word' id='word_1_2' title='bbox 708 327 917 376; x_wconf 79' lang='lat' dir='ltr'>cunonrcon</span> 
     </span>
    </p>
   </div>
   <div class='ocr_carea' id='block_1_2' title="bbox 171 479 1363 1243">
    <p class='ocr_par' dir='ltr' id='par_1_2' title="bbox 334 479 1363 1032">
     <span class='ocr_line' id='line_1_2' title="bbox 334 479 1363 561; baseline -0.003 -18"><span class='ocrx_word' id='word_1_3' title='bbox 334 490 441 554; x_wconf 89' lang='lat' dir='ltr'>mata,</span> <span class='ocrx_word' id='word_1_4' title='bbox 469 479 606 542; x_wconf 88' lang='lat' dir='ltr'>Danica</span> <span class='ocrx_word' id='word_1_5' title='bbox 631 479 765 555; x_wconf 87' lang='lat' dir='ltr'>classis,</span> <span class='ocrx_word' id='word_1_6' title='bbox 789 488 829 543; x_wconf 92' lang='grc'>11</span> <span class='ocrx_word' id='word_1_7' title='bbox 849 481 943 561; x_wconf 89' lang='lat' dir='ltr'>prius</span> <span class='ocrx_word' id='word_1_8' title='bbox 964 487 1039 543; x_wconf 87' lang='lat' dir='ltr'>erat</span> <span class='ocrx_word' id='word_1_9' title='bbox 1063 486 1285 560; x_wconf 88' lang='lat' dir='ltr'>congregata,</span> <span class='ocrx_word' id='word_1_10' title='bbox 1360 502 1363 509; x_wconf 93' lang='lat'>·</span> 
     </span>
     <span class='ocr_line' id='line_1_3' title="bbox 334 576 1285 660; baseline -0.001 -19"><span class='ocrx_word' id='word_1_11' title='bbox 334 580 439 656; x_wconf 88' lang='lat' dir='ltr'>longe</span> <span class='ocrx_word' id='word_1_12' title='bbox 468 576 608 658; x_wconf 90' lang='lat' dir='ltr'>lateque</span> <span class='ocrx_word' id='word_1_13' title='bbox 637 577 867 660; x_wconf 86' lang='lat' dir='ltr'>dispergitur;</span> <span class='ocrx_word' id='word_1_14' title='bbox 897 580 958 642; x_wconf 90' lang='lat' dir='ltr'>sed</span> <span class='ocrx_word' id='word_1_15' title='bbox 987 596 1065 641; x_wconf 90' lang='lat' dir='ltr'>cum</span> <span class='ocrx_word' id='word_1_16' title='bbox 1094 596 1175 657; x_wconf 88' lang='lat' dir='ltr'>rege</span> <span class='ocrx_word' id='word_1_17' title='bbox 1198 591 1285 640; x_wconf 73' lang='lat' dir='ltr'>xer.</span> 
     </span>
     <span class='ocr_line' id='line_1_4' title="bbox 334 675 1286 758; baseline -0.002 -21"><span class='ocrx_word' id='word_1_18' title='bbox 334 693 443 737; x_wconf 86' lang='lat' dir='ltr'>naves</span> <span class='ocrx_word' id='word_1_19' title='bbox 467 693 673 752; x_wconf 84' lang='lat' dir='ltr'>remansere,</span> <span class='ocrx_word' id='word_1_20' title='bbox 702 677 802 757; x_wconf 91' lang='lat' dir='ltr'>eique</span> <span class='ocrx_word' id='word_1_21' title='bbox 827 676 1027 738; x_wconf 85' lang='lat' dir='ltr'>fidelitatem</span> <span class='ocrx_word' id='word_1_22' title='bbox 1052 675 1227 758; x_wconf 88' lang='lat' dir='ltr'>juravere,</span> <span class='ocrx_word' id='word_1_23' title='bbox 1250 681 1286 736; x_wconf 93' lang='lat' dir='ltr'>et</span> 
     </span>
     <span class='ocr_line' id='line_1_5' title="bbox 337 772 1285 853; baseline -0.001 -19"><span class='ocrx_word' id='word_1_24' title='bbox 337 772 503 835; x_wconf 86' lang='lat' dir='ltr'>adversus</span> <span class='ocrx_word' id='word_1_25' title='bbox 528 782 667 838; x_wconf 88' lang='lat' dir='ltr'>exteros</span> <span class='ocrx_word' id='word_1_26' title='bbox 692 773 858 853; x_wconf 89' lang='lat' dir='ltr'>Angliam</span> <span class='ocrx_word' id='word_1_27' title='bbox 885 791 922 835; x_wconf 90' lang='lat' dir='ltr'>se</span> <span class='ocrx_word' id='word_1_28' title='bbox 944 772 1146 836; x_wconf 81' lang='lat' dir='ltr'>defensuros</span> <span class='ocrx_word' id='word_1_29' title='bbox 1170 790 1212 834; x_wconf 89' lang='lat' dir='ltr'>eo</span> <span class='ocrx_word' id='word_1_30' title='bbox 1233 779 1285 833; x_wconf 89' lang='lat' dir='ltr'>te·</span> 
     </span>
     <span class='ocr_line' id='line_1_6' title="bbox 335 871 1286 953; baseline 0 -22"><span class='ocrx_word' id='word_1_31' title='bbox 335 889 419 934; x_wconf 89' lang='lat' dir='ltr'>nore</span> <span class='ocrx_word' id='word_1_32' title='bbox 441 872 642 953; x_wconf 87' lang='lat' dir='ltr'>promisere,</span> <span class='ocrx_word' id='word_1_33' title='bbox 664 879 703 933; x_wconf 94' lang='grc'>11</span> <span class='ocrx_word' id='word_1_34' title='bbox 729 871 779 933; x_wconf 87' lang='grc'>010</span> <span class='ocrx_word' id='word_1_35' title='bbox 804 871 932 934; x_wconf 87' lang='lat' dir='ltr'>victum</span> <span class='ocrx_word' id='word_1_36' title='bbox 954 871 1174 951; x_wconf 84' lang='lat' dir='ltr'>tegimenque</span> <span class='ocrx_word' id='word_1_37' title='bbox 1196 887 1286 951; x_wconf 82' lang='lat' dir='ltr'>prae·</span> 
     </span>
     <span class='ocr_line' id='line_1_7' title="bbox 335 968 1068 1032; baseline -0.008 0"><span class='ocrx_word' id='word_1_38' title='bbox 335 968 456 1032; x_wconf 87' lang='lat' dir='ltr'>beret.¹</span> <span class='ocrx_word' id='word_1_39' title='bbox 1065 1021 1068 1026; x_wconf 90' lang='lat'>.</span> 
     </span>
    </p>

    <p class='ocr_par' dir='ltr' id='par_1_3' title="bbox 184 1063 1289 1146">
     <span class='ocr_line' id='line_1_8' title="bbox 184 1063 1289 1146; baseline -0.002 -19"><span class='ocrx_word' id='word_1_40' title='bbox 184 1089 203 1127; x_wconf 73' lang='lat' dir='ltr'>s</span> <span class='ocrx_word' id='word_1_41' title='bbox 221 1085 315 1125; x_wconf 71' lang='grc'>011.</span> <span class='ocrx_word' id='word_1_42' title='bbox 389 1063 575 1145; x_wconf 73' lang='lat' dir='ltr'>Liringus⁹</span> <span class='ocrx_word' id='word_1_43' title='bbox 605 1065 925 1146; x_wconf 73' lang='lat' dir='ltr'>archipraesulatum</span> <span class='ocrx_word' id='word_1_44' title='bbox 956 1064 1183 1127; x_wconf 84' lang='lat' dir='ltr'>Dorubemiae</span> <span class='ocrx_word' id='word_1_45' title='bbox 1210 1081 1289 1125; x_wconf 85' lang='lat' dir='ltr'>sus-</span> 
     </span>
    </p>

    <p class='ocr_par' dir='ltr' id='par_1_4' title="bbox 171 1149 1288 1243">
     <span class='ocr_line' id='line_1_9' title="bbox 171 1149 1288 1243; baseline -0.003 -19"><span class='ocrx_word' id='word_1_46' title='bbox 171 1151 306 1240; x_wconf 52' lang='lat' dir='ltr'>fflglffssbl·</span> <span class='ocrx_word' id='word_1_47' title='bbox 337 1163 440 1243; x_wconf 87' lang='lat' dir='ltr'>cepit.</span> <span class='ocrx_word' id='word_1_48' title='bbox 493 1149 616 1224; x_wconf 89' lang='lat' dir='ltr'>Mense</span> <span class='ocrx_word' id='word_1_49' title='bbox 639 1162 663 1225; x_wconf 86' lang='lat' dir='ltr'><strong>J</strong></span> <span class='ocrx_word' id='word_1_50' title='bbox 666 1161 738 1224; x_wconf 92' lang='lat' dir='ltr'>ulio</span> <span class='ocrx_word' id='word_1_51' title='bbox 758 1181 821 1224; x_wconf 81' lang='lat' dir='ltr'>rex</span> <span class='ocrx_word' id='word_1_52' title='bbox 844 1161 1024 1224; x_wconf 90' lang='lat' dir='ltr'>Danorum</span> <span class='ocrx_word' id='word_1_53' title='bbox 1049 1161 1186 1225; x_wconf 85' lang='lat' dir='ltr'>Suanus</span> <span class='ocrx_word' id='word_1_54' title='bbox 1209 1179 1288 1222; x_wconf 90' lang='lat' dir='ltr'>cnm</span> 
     </span>
    </p>
   </div>
   <div class='ocr_carea' id='block_1_3' title="bbox 172 1247 1288 1346">
    <p class='ocr_par' dir='ltr' id='par_1_5' title="bbox 172 1247 1288 1346">
     <span class='ocr_line' id='line_1_10' title="bbox 172 1247 1288 1346; baseline -0.004 -22"><span class='ocrx_word' id='word_1_55' title='bbox 172 1247 309 1346; x_wconf 48' lang='grc' dir='ltr'>ξζξὶξξέὼ</span> <span class='ocrx_word' id='word_1_56' title='bbox 337 1258 453 1321; x_wconf 86' lang='lat' dir='ltr'>valida</span> <span class='ocrx_word' id='word_1_57' title='bbox 472 1257 584 1321; x_wconf 90' lang='lat' dir='ltr'>classe</span> <span class='ocrx_word' id='word_1_58' title='bbox 603 1260 647 1322; x_wconf 86' lang='lat' dir='ltr'>ad</span> <span class='ocrx_word' id='word_1_59' title='bbox 670 1257 856 1322; x_wconf 90' lang='lat' dir='ltr'>Sandicnm</span> <span class='ocrx_word' id='word_1_60' title='bbox 875 1267 1012 1339; x_wconf 90' lang='lat' dir='ltr'>portum</span> <span class='ocrx_word' id='word_1_61' title='bbox 1035 1265 1088 1321; x_wconf 90' lang='lat' dir='ltr'>est</span> <span class='ocrx_word' id='word_1_62' title='bbox 1110 1257 1288 1340; x_wconf 88' lang='lat' dir='ltr'>appulsus,</span> 
     </span>
    </p>
   </div>
   <div class='ocr_carea' id='block_1_4' title="bbox 172 1341 1349 1758">
    <p class='ocr_par' dir='ltr' id='par_1_6' title="bbox 172 1341 1349 1758">
     <span class='ocr_line' id='line_1_11' title="bbox 172 1341 1349 1445; baseline -0.001 -27"><span class='ocrx_word' id='word_1_63' title='bbox 172 1348 281 1445; x_wconf 59' lang='grc' dir='ltr'>ζζξξζῆζ</span> <span class='ocrx_word' id='word_1_64' title='bbox 337 1356 453 1436; x_wconf 92' lang='lat' dir='ltr'>ibique</span> <span class='ocrx_word' id='word_1_65' title='bbox 472 1357 593 1436; x_wconf 84' lang='lat' dir='ltr'>paucis</span> <span class='ocrx_word' id='word_1_66' title='bbox 612 1357 732 1419; x_wconf 92' lang='lat' dir='ltr'>diebus</span> <span class='ocrx_word' id='word_1_67' title='bbox 753 1365 919 1432; x_wconf 89' lang='lat' dir='ltr'>moratus,</span> <span class='ocrx_word' id='word_1_68' title='bbox 935 1356 1104 1433; x_wconf 86' lang='lat' dir='ltr'>discessit,</span> <span class='ocrx_word' id='word_1_69' title='bbox 1128 1364 1164 1419; x_wconf 92' lang='lat' dir='ltr'>et</span> <span class='ocrx_word' id='word_1_70' title='bbox 1184 1355 1286 1418; x_wconf 83' lang='lat' dir='ltr'>East·</span> <span class='ocrx_word' id='word_1_71' title='bbox 1345 1341 1349 1351; x_wconf 54' lang='lat'><strong><em>⁵</em></strong></span> 
     </span>
     <span class='ocr_line' id='line_1_12' title="bbox 339 1452 1289 1534; baseline -0.003 -18"><span class='ocrx_word' id='word_1_72' title='bbox 339 1452 470 1533; x_wconf 89' lang='lat' dir='ltr'>Anglia</span> <span class='ocrx_word' id='word_1_73' title='bbox 490 1453 798 1534; x_wconf 83' lang='lat' dir='ltr'>circumnavigata,</span> <span class='ocrx_word' id='word_1_74' title='bbox 813 1456 939 1517; x_wconf 90' lang='lat' dir='ltr'>ostium</span> <span class='ocrx_word' id='word_1_75' title='bbox 953 1453 1123 1516; x_wconf 88' lang='lat' dir='ltr'>Hnmbrae</span> <span class='ocrx_word' id='word_1_76' title='bbox 1141 1453 1289 1515; x_wconf 89' lang='lat' dir='ltr'>fluminis</span> 
     </span>
     <span class='ocr_line' id='line_1_13' title="bbox 338 1551 1289 1632; baseline -0.002 -19"><span class='ocrx_word' id='word_1_77' title='bbox 338 1551 496 1627; x_wconf 87' lang='lat' dir='ltr'>intravit,</span> <span class='ocrx_word' id='word_1_78' title='bbox 520 1551 562 1614; x_wconf 92' lang='lat' dir='ltr'>de</span> <span class='ocrx_word' id='word_1_79' title='bbox 589 1553 713 1632; x_wconf 92' lang='lat' dir='ltr'>quoin</span> <span class='ocrx_word' id='word_1_80' title='bbox 736 1552 864 1614; x_wconf 86' lang='lat' dir='ltr'>fiumen</span> <span class='ocrx_word' id='word_1_81' title='bbox 886 1552 1052 1614; x_wconf 86' lang='lat' dir='ltr'>Trentam</span> <span class='ocrx_word' id='word_1_82' title='bbox 1077 1551 1232 1625; x_wconf 89' lang='lat' dir='ltr'>intravit,</span> <span class='ocrx_word' id='word_1_83' title='bbox 1254 1557 1289 1611; x_wconf 92' lang='lat' dir='ltr'>et</span> 
     </span>
     <span class='ocr_line' id='line_1_14' title="bbox 173 1647 1289 1758; baseline 0 -50"><span class='ocrx_word' id='word_1_84' title='bbox 173 1669 310 1758; x_wconf 50' lang='lat' dir='ltr'>suffiunt</span> <span class='ocrx_word' id='word_1_85' title='bbox 340 1647 592 1729; x_wconf 88' lang='lat' dir='ltr'>Geagnesburh</span> <span class='ocrx_word' id='word_1_86' title='bbox 612 1651 804 1730; x_wconf 86' lang='lat' dir='ltr'>navigavit,</span> <span class='ocrx_word' id='word_1_87' title='bbox 821 1650 878 1712; x_wconf 94' lang='lat' dir='ltr'>ubi</span> <span class='ocrx_word' id='word_1_88' title='bbox 895 1658 930 1713; x_wconf 91' lang='grc'>01</span> <span class='ocrx_word' id='word_1_89' title='bbox 944 1658 1059 1713; x_wconf 86' lang='lat' dir='ltr'>castra</span> <span class='ocrx_word' id='word_1_90' title='bbox 1074 1649 1208 1731; x_wconf 85' lang='lat' dir='ltr'>posuit:</span> <span class='ocrx_word' id='word_1_91' title='bbox 1232 1647 1289 1710; x_wconf 91' lang='lat' dir='ltr'>cui</span> 
     </span>
    </p>
   </div>
   <div class='ocr_carea' id='block_1_5' title="bbox 174 1745 1289 1856">
    <p class='ocr_par' dir='ltr' id='par_1_7' title="bbox 174 1745 1289 1856">
     <span class='ocr_line' id='line_1_15' title="bbox 174 1745 1289 1856; baseline 0.004 -52"><span class='ocrx_word' id='word_1_92' title='bbox 174 1766 313 1856; x_wconf 51' lang='lat' dir='ltr'>qgffls·</span> <span class='ocrx_word' id='word_1_93' title='bbox 338 1746 413 1808; x_wconf 90' lang='lat' dir='ltr'>sine</span> <span class='ocrx_word' id='word_1_94' title='bbox 436 1748 656 1811; x_wconf 87' lang='lat' dir='ltr'>cunctatione</span> <span class='ocrx_word' id='word_1_95' title='bbox 678 1767 793 1810; x_wconf 87' lang='lat' dir='ltr'>comes</span> <span class='ocrx_word' id='word_1_96' title='bbox 814 1747 990 1811; x_wconf 91' lang='lat' dir='ltr'>Uhtredus</span> <span class='ocrx_word' id='word_1_97' title='bbox 1012 1755 1048 1811; x_wconf 92' lang='lat' dir='ltr'>et</span> <span class='ocrx_word' id='word_1_98' title='bbox 1076 1746 1110 1810; x_wconf 93' lang='lat' dir='ltr'>N</span> <span class='ocrx_word' id='word_1_99' title='bbox 1113 1745 1289 1827; x_wconf 87' lang='lat' dir='ltr'>orthhym·</span> 
     </span>
    </p>
   </div>
   <div class='ocr_carea' id='block_1_6' title="bbox 106 1842 1292 2697">
    <p class='ocr_par' dir='ltr' id='par_1_8' title="bbox 106 1842 1292 2697">
     <span class='ocr_line' id='line_1_16' title="bbox 173 1842 1290 1923; baseline 0 -18"><span class='ocrx_word' id='word_1_100' title='bbox 173 1863 312 1909; x_wconf 52' lang='grc'>111111-</span> <span class='ocrx_word' id='word_1_101' title='bbox 339 1842 493 1917; x_wconf 88' lang='lat' dir='ltr'>brenses,</span> <span class='ocrx_word' id='word_1_102' title='bbox 509 1853 546 1904; x_wconf 91' lang='lat' dir='ltr'>et</span> <span class='ocrx_word' id='word_1_103' title='bbox 561 1843 793 1906; x_wconf 90' lang='lat' dir='ltr'>Lindisienses</span> <span class='ocrx_word' id='word_1_104' title='bbox 811 1846 982 1923; x_wconf 92' lang='lat' dir='ltr'>primitus,</span> <span class='ocrx_word' id='word_1_105' title='bbox 999 1844 1121 1906; x_wconf 91' lang='lat' dir='ltr'>deinde</span> <span class='ocrx_word' id='word_1_106' title='bbox 1138 1843 1290 1906; x_wconf 76' lang='lat' dir='ltr'>Fit-bur-</span> 
     </span>
     <span class='ocr_line' id='line_1_17' title="bbox 173 1913 1291 2019; baseline -0.001 -17"><span class='ocrx_word' id='word_1_107' title='bbox 173 1913 295 2002; x_wconf 59' lang='lat' dir='ltr'>iiiiii..</span> <span class='ocrx_word' id='word_1_108' title='bbox 339 1957 475 2017; x_wconf 90' lang='lat' dir='ltr'>genses,</span> <span class='ocrx_word' id='word_1_109' title='bbox 495 1957 578 2001; x_wconf 84' lang='lat' dir='ltr'>mox</span> <span class='ocrx_word' id='word_1_110' title='bbox 599 1939 703 2001; x_wconf 90' lang='lat' dir='ltr'>etiam</span> <span class='ocrx_word' id='word_1_111' title='bbox 726 1941 838 2000; x_wconf 92' lang='lat' dir='ltr'>omnis</span> <span class='ocrx_word' id='word_1_112' title='bbox 862 1940 1011 2018; x_wconf 90' lang='lat' dir='ltr'>populus</span> <span class='ocrx_word' id='word_1_113' title='bbox 1031 1939 1092 2019; x_wconf 92' lang='lat' dir='ltr'>qui</span> <span class='ocrx_word' id='word_1_114' title='bbox 1113 1939 1291 2001; x_wconf 89' lang='lat' dir='ltr'>habitabat</span> 
     </span>
     <span class='ocr_line' id='line_1_18' title="bbox 172 2012 1291 2116; baseline 0 -20"><span class='ocrx_word' id='word_1_115' title='bbox 172 2012 296 2061; x_wconf 53' lang='lat' dir='ltr'>‘mm&#39;</span> <span class='ocrx_word' id='word_1_116' title='bbox 339 2035 376 2097; x_wconf 92' lang='lat' dir='ltr'>in</span> <span class='ocrx_word' id='word_1_117' title='bbox 401 2034 663 2116; x_wconf 86' lang='lat' dir='ltr'>septentrionali</span> <span class='ocrx_word' id='word_1_118' title='bbox 685 2035 791 2116; x_wconf 83' lang='lat' dir='ltr'>plaga</span> <span class='ocrx_word' id='word_1_119' title='bbox 805 2034 1153 2115; x_wconf 87' lang='lat' dir='ltr'>Weatlinga-stretae,</span> <span class='ocrx_word' id='word_1_120' title='bbox 1167 2035 1203 2098; x_wconf 88' lang='lat' dir='ltr'>id</span> <span class='ocrx_word' id='word_1_121' title='bbox 1225 2041 1291 2110; x_wconf 92' lang='lat' dir='ltr'>est,</span> 
     </span>
     <span class='ocr_line' id='line_1_19' title="bbox 339 2131 1291 2212; baseline 0 -18"><span class='ocrx_word' id='word_1_122' title='bbox 339 2139 453 2195; x_wconf 89' lang='lat' dir='ltr'>strata</span> <span class='ocrx_word' id='word_1_123' title='bbox 464 2150 569 2212; x_wconf 88' lang='lat' dir='ltr'>quam</span> <span class='ocrx_word' id='word_1_124' title='bbox 581 2132 642 2195; x_wconf 90' lang='lat' dir='ltr'>filii</span> <span class='ocrx_word' id='word_1_125' title='bbox 656 2132 808 2196; x_wconf 86' lang='lat' dir='ltr'>Weatlae</span> <span class='ocrx_word' id='word_1_126' title='bbox 824 2133 926 2212; x_wconf 89' lang='lat' dir='ltr'>regis,</span> <span class='ocrx_word' id='word_1_127' title='bbox 942 2133 986 2195; x_wconf 91' lang='lat' dir='ltr'>ab</span> <span class='ocrx_word' id='word_1_128' title='bbox 1002 2131 1180 2195; x_wconf 86' lang='lat' dir='ltr'>Orientale</span> <span class='ocrx_word' id='word_1_129' title='bbox 1196 2149 1291 2194; x_wconf 89' lang='lat' dir='ltr'>mare</span> 
     </span>
     <span class='ocr_line' id='line_1_20' title="bbox 338 2228 1292 2309; baseline 0.001 -20"><span class='ocrx_word' id='word_1_130' title='bbox 338 2228 519 2307; x_wconf 89' lang='lat' dir='ltr'>usquead</span> <span class='ocrx_word' id='word_1_131' title='bbox 547 2228 781 2304; x_wconf 89' lang='lat' dir='ltr'>Occidentale,</span> <span class='ocrx_word' id='word_1_132' title='bbox 806 2248 868 2309; x_wconf 91' lang='lat' dir='ltr'>per</span> <span class='ocrx_word' id='word_1_133' title='bbox 887 2229 1053 2309; x_wconf 87' lang='lat' dir='ltr'>Angliam</span> <span class='ocrx_word' id='word_1_134' title='bbox 1081 2236 1292 2306; x_wconf 82' lang='lat' dir='ltr'>straverunt,</span> 
     </span>
     <span class='ocr_line' id='line_1_21' title="bbox 340 2323 1291 2406; baseline 0.004 -22"><span class='ocrx_word' id='word_1_135' title='bbox 340 2323 550 2386; x_wconf 90' lang='lat' dir='ltr'>deditionem</span> <span class='ocrx_word' id='word_1_136' title='bbox 565 2325 775 2400; x_wconf 89' lang='lat' dir='ltr'>obtulerunt,</span> <span class='ocrx_word' id='word_1_137' title='bbox 790 2333 825 2388; x_wconf 90' lang='lat' dir='ltr'>et</span> <span class='ocrx_word' id='word_1_138' title='bbox 848 2344 932 2406; x_wconf 91' lang='lat' dir='ltr'>pace</span> <span class='ocrx_word' id='word_1_139' title='bbox 953 2345 1030 2389; x_wconf 90' lang='lat' dir='ltr'>cum</span> <span class='ocrx_word' id='word_1_140' title='bbox 1046 2326 1107 2389; x_wconf 92' lang='lat' dir='ltr'>illo</span> <span class='ocrx_word' id='word_1_141' title='bbox 1124 2325 1291 2401; x_wconf 87' lang='lat' dir='ltr'>stabilita,</span> 
     </span>
     <span class='ocr_line' id='line_1_22' title="bbox 340 2419 1291 2504; baseline 0.002 -21"><span class='ocrx_word' id='word_1_142' title='bbox 340 2419 587 2502; x_wconf 89' lang='lat' dir='ltr'>obsidibusque</span> <span class='ocrx_word' id='word_1_143' title='bbox 623 2421 726 2498; x_wconf 88' lang='lat' dir='ltr'>datis,</span> <span class='ocrx_word' id='word_1_144' title='bbox 765 2421 966 2484; x_wconf 88' lang='lat' dir='ltr'>fidelitatem</span> <span class='ocrx_word' id='word_1_145' title='bbox 1001 2422 1034 2484; x_wconf 93' lang='lat' dir='ltr'>ei</span> <span class='ocrx_word' id='word_1_146' title='bbox 1064 2423 1291 2504; x_wconf 88' lang='lat' dir='ltr'>jnraverunt;</span> 
     </span>
     <span class='ocr_line' id='line_1_23' title="bbox 341 2518 1291 2600; baseline 0.001 -21"><span class='ocrx_word' id='word_1_147' title='bbox 341 2518 467 2598; x_wconf 90' lang='lat' dir='ltr'>quibus</span> <span class='ocrx_word' id='word_1_148' title='bbox 488 2520 665 2600; x_wconf 86' lang='lat' dir='ltr'>praecepit,</span> <span class='ocrx_word' id='word_1_149' title='bbox 677 2525 723 2599; x_wconf 79' lang='lat' dir='ltr'>¹ut</span> <span class='ocrx_word' id='word_1_150' title='bbox 738 2538 846 2600; x_wconf 89' lang='lat' dir='ltr'>equos</span> <span class='ocrx_word' id='word_1_151' title='bbox 870 2525 905 2581; x_wconf 93' lang='lat' dir='ltr'>et</span> <span class='ocrx_word' id='word_1_152' title='bbox 925 2518 1091 2581; x_wconf 87' lang='lat' dir='ltr'>alimenta</span> <span class='ocrx_word' id='word_1_153' title='bbox 1106 2537 1170 2582; x_wconf 88' lang='lat' dir='ltr'>suo</span> <span class='ocrx_word' id='word_1_154' title='bbox 1192 2537 1291 2581; x_wconf 86' lang='lat' dir='ltr'>exer·</span> 
     </span>
     <span class='ocr_line' id='line_1_24' title="bbox 106 2614 1292 2697; baseline 0.003 -23"><span class='ocrx_word' id='word_1_155' title='bbox 106 2614 113 2662; x_wconf 75' lang='grc' dir='ltr'>ῗ</span> <span class='ocrx_word' id='word_1_156' title='bbox 177 2635 243 2675; x_wconf 69' lang='lat' dir='ltr'>sven</span> <span class='ocrx_word' id='word_1_157' title='bbox 340 2615 424 2677; x_wconf 91' lang='lat' dir='ltr'>citui</span> <span class='ocrx_word' id='word_1_158' title='bbox 440 2622 615 2696; x_wconf 90' lang='lat' dir='ltr'>pararent.</span> <span class='ocrx_word' id='word_1_159' title='bbox 669 2615 738 2679; x_wconf 90' lang='lat' dir='ltr'>His</span> <span class='ocrx_word' id='word_1_160' title='bbox 757 2615 906 2697; x_wconf 88' lang='lat' dir='ltr'>impletis</span> <span class='ocrx_word' id='word_1_161' title='bbox 927 2622 961 2678; x_wconf 93' lang='lat' dir='ltr'>et</span> <span class='ocrx_word' id='word_1_162' title='bbox 982 2616 1093 2679; x_wconf 86' lang='lat' dir='ltr'>classe</span> <span class='ocrx_word' id='word_1_163' title='bbox 1107 2635 1186 2679; x_wconf 90' lang='lat' dir='ltr'>cum</span> <span class='ocrx_word' id='word_1_164' title='bbox 1201 2615 1292 2678; x_wconf 88' lang='lat' dir='ltr'>obsi·</span> 
     </span>
    </p>
   </div>
   <div class='ocr_carea' id='block_1_7' title="bbox 175 2685 274 2724">
    <p class='ocr_par' dir='ltr' id='par_1_9' title="bbox 175 2685 274 2724">
     <span class='ocr_line' id='line_1_25' title="bbox 175 2685 274 2724; baseline -0.01 0"><span class='ocrx_word' id='word_1_165' title='bbox 175 2685 274 2724; x_wconf 73' lang='lat' dir='ltr'>muchs·</span> 
     </span>
    </p>
   </div>
   <div class='ocr_carea' id='block_1_8' title="bbox 176 2711 1293 2822">
    <p class='ocr_par' dir='ltr' id='par_1_10' title="bbox 176 2711 1293 2822">
     <span class='ocr_line' id='line_1_26' title="bbox 176 2711 1293 2822; baseline 0.005 -52"><span class='ocrx_word' id='word_1_166' title='bbox 176 2733 308 2822; x_wconf 51' lang='lat' dir='ltr'>mnne</span> <span class='ocrx_word' id='word_1_167' title='bbox 341 2711 442 2775; x_wconf 91' lang='lat' dir='ltr'>dibus</span> <span class='ocrx_word' id='word_1_168' title='bbox 467 2711 606 2776; x_wconf 72' lang='lat' dir='ltr'>(lanuto</span> <span class='ocrx_word' id='word_1_169' title='bbox 629 2713 700 2777; x_wconf 90' lang='lat' dir='ltr'>filio</span> <span class='ocrx_word' id='word_1_170' title='bbox 729 2732 793 2777; x_wconf 89' lang='lat' dir='ltr'>suo</span> <span class='ocrx_word' id='word_1_171' title='bbox 819 2713 1069 2788; x_wconf 90' lang='lat' dir='ltr'>commendata,</span> <span class='ocrx_word' id='word_1_172' title='bbox 1095 2713 1162 2775; x_wconf 90' lang='lat' dir='ltr'>sibi</span> <span class='ocrx_word' id='word_1_173' title='bbox 1185 2713 1293 2776; x_wconf 90' lang='lat' dir='ltr'>lectos</span> 
     </span>
    </p>
   </div>
   <div class='ocr_carea' id='block_1_9' title="bbox 176 2808 1296 3763">
    <p class='ocr_par' dir='ltr' id='par_1_11' title="bbox 176 2808 1296 3763">
     <span class='ocr_line' id='line_1_27' title="bbox 176 2808 1293 2884; baseline 0.002 -14"><span class='ocrx_word' id='word_1_174' title='bbox 176 2831 294 2874; x_wconf 61' lang='lat' dir='ltr'>nerano</span> <span class='ocrx_word' id='word_1_175' title='bbox 342 2809 547 2873; x_wconf 82' lang='lat' dir='ltr'>auxiliarios</span> <span class='ocrx_word' id='word_1_176' title='bbox 564 2809 607 2872; x_wconf 90' lang='lat' dir='ltr'>de</span> <span class='ocrx_word' id='word_1_177' title='bbox 622 2810 746 2873; x_wconf 90' lang='lat' dir='ltr'>deditis</span> <span class='ocrx_word' id='word_1_178' title='bbox 761 2830 911 2884; x_wconf 89' lang='lat' dir='ltr'>sumens,</span> <span class='ocrx_word' id='word_1_179' title='bbox 927 2811 1096 2873; x_wconf 91' lang='lat' dir='ltr'>adversus</span> <span class='ocrx_word' id='word_1_180' title='bbox 1111 2808 1293 2872; x_wconf 86' lang='lat' dir='ltr'>Australes</span> 
     </span>
     <span class='ocr_line' id='line_1_28' title="bbox 177 2881 1295 3003; baseline 0.001 -36"><span class='ocrx_word' id='word_1_181' title='bbox 177 2881 327 2977; x_wconf 59' lang='lat' dir='ltr'>iiiffi&#39;m</span> <span class='ocrx_word' id='word_1_182' title='bbox 343 2905 495 2969; x_wconf 77' lang='lat' dir='ltr'>Marcios</span> <span class='ocrx_word' id='word_1_183' title='bbox 510 2908 765 2987; x_wconf 84' lang='lat' dir='ltr'>expeditionem</span> <span class='ocrx_word' id='word_1_184' title='bbox 777 2905 1295 3003; x_wconf 68' lang='grc'>110111,0100110010110111001-</span> 
     </span>
     <span class='ocr_line' id='line_1_29' title="bbox 341 3003 1295 3085; baseline 0.002 -21"><span class='ocrx_word' id='word_1_185' title='bbox 341 3003 577 3082; x_wconf 88' lang='lat' dir='ltr'>linga-streta,</span> <span class='ocrx_word' id='word_1_186' title='bbox 609 3006 681 3067; x_wconf 88' lang='lat' dir='ltr'>suis</span> <span class='ocrx_word' id='word_1_187' title='bbox 713 3006 864 3069; x_wconf 90' lang='lat' dir='ltr'>edictum</span> <span class='ocrx_word' id='word_1_188' title='bbox 893 3005 1020 3085; x_wconf 90' lang='lat' dir='ltr'>posuit,</span> <span class='ocrx_word' id='word_1_189' title='bbox 1054 3003 1222 3077; x_wconf 90' lang='lat' dir='ltr'>videlicet,</span> <span class='ocrx_word' id='word_1_190' title='bbox 1253 3012 1295 3066; x_wconf 91' lang='grc'>11</span> 
     </span>
     <span class='ocr_line' id='line_1_30' title="bbox 343 3091 1295 3180; baseline 0 -18"><span class='ocrx_word' id='word_1_191' title='bbox 343 3091 447 3180; x_wconf 80' lang='lat' dir='ltr'>agros</span> <span class='ocrx_word' id='word_1_192' title='bbox 485 3100 718 3177; x_wconf 87' lang='lat' dir='ltr'>devastarent,</span> <span class='ocrx_word' id='word_1_193' title='bbox 755 3102 857 3166; x_wconf 84' lang='lat' dir='ltr'>villas</span> <span class='ocrx_word' id='word_1_194' title='bbox 893 3108 1095 3176; x_wconf 89' lang='lat' dir='ltr'>cremarent,</span> <span class='ocrx_word' id='word_1_195' title='bbox 1132 3100 1295 3164; x_wconf 91' lang='lat' dir='ltr'>ecclesias</span> 
     </span>
     <span class='ocr_line' id='line_1_31' title="bbox 342 3197 1294 3280; baseline 0 -21"><span class='ocrx_word' id='word_1_196' title='bbox 342 3197 544 3277; x_wconf 89' lang='lat' dir='ltr'>spoliarent,</span> <span class='ocrx_word' id='word_1_197' title='bbox 574 3199 736 3280; x_wconf 90' lang='lat' dir='ltr'>quicquid</span> <span class='ocrx_word' id='word_1_198' title='bbox 767 3198 947 3261; x_wconf 91' lang='lat' dir='ltr'>masculini</span> <span class='ocrx_word' id='word_1_199' title='bbox 978 3217 1084 3261; x_wconf 85' lang='lat' dir='ltr'>sexus</span> <span class='ocrx_word' id='word_1_200' title='bbox 1110 3197 1146 3258; x_wconf 91' lang='lat' dir='ltr'>in</span> <span class='ocrx_word' id='word_1_201' title='bbox 1172 3216 1294 3260; x_wconf 90' lang='lat' dir='ltr'>manus</span> 
     </span>
     <span class='ocr_line' id='line_1_32' title="bbox 342 3294 1293 3376; baseline 0.001 -21"><span class='ocrx_word' id='word_1_202' title='bbox 342 3294 488 3369; x_wconf 89' lang='lat' dir='ltr'>veniret,</span> <span class='ocrx_word' id='word_1_203' title='bbox 516 3295 589 3358; x_wconf 89' lang='lat' dir='ltr'>sine</span> <span class='ocrx_word' id='word_1_204' title='bbox 619 3304 778 3376; x_wconf 90' lang='lat' dir='ltr'>respectu</span> <span class='ocrx_word' id='word_1_205' title='bbox 807 3295 1059 3369; x_wconf 82' lang='lat' dir='ltr'>misericordiae,</span> <span class='ocrx_word' id='word_1_206' title='bbox 1080 3294 1293 3376; x_wconf 83' lang='lat' dir='ltr'>jugularent,</span> 
     </span>
     <span class='ocr_line' id='line_1_33' title="bbox 342 3389 1296 3473; baseline 0.005 -24"><span class='ocrx_word' id='word_1_207' title='bbox 342 3389 487 3452; x_wconf 88' lang='lat' dir='ltr'>feminas</span> <span class='ocrx_word' id='word_1_208' title='bbox 514 3391 559 3453; x_wconf 92' lang='lat' dir='ltr'>ad</span> <span class='ocrx_word' id='word_1_209' title='bbox 584 3411 683 3455; x_wconf 90' lang='lat' dir='ltr'>suam</span> <span class='ocrx_word' id='word_1_210' title='bbox 708 3392 882 3455; x_wconf 89' lang='lat' dir='ltr'>libidinem</span> <span class='ocrx_word' id='word_1_211' title='bbox 911 3391 1115 3473; x_wconf 88' lang='lat' dir='ltr'>explendam</span> <span class='ocrx_word' id='word_1_212' title='bbox 1142 3410 1296 3454; x_wconf 88' lang='lat' dir='ltr'>reserva-</span> 
     </span>
     <span class='ocr_line' id='line_1_34' title="bbox 341 3488 1296 3570; baseline 0.005 -25"><span class='ocrx_word' id='word_1_213' title='bbox 341 3494 430 3560; x_wconf 87' lang='lat' dir='ltr'>rent,</span> <span class='ocrx_word' id='word_1_214' title='bbox 461 3494 496 3549; x_wconf 91' lang='lat' dir='ltr'>et</span> <span class='ocrx_word' id='word_1_215' title='bbox 526 3490 641 3552; x_wconf 86' lang='lat' dir='ltr'>omnia</span> <span class='ocrx_word' id='word_1_216' title='bbox 674 3508 752 3570; x_wconf 86' lang='lat' dir='ltr'>quae</span> <span class='ocrx_word' id='word_1_217' title='bbox 789 3496 928 3568; x_wconf 90' lang='lat' dir='ltr'>possent</span> <span class='ocrx_word' id='word_1_218' title='bbox 960 3488 1051 3551; x_wconf 88' lang='lat' dir='ltr'>mala</span> <span class='ocrx_word' id='word_1_219' title='bbox 1080 3495 1296 3570; x_wconf 85' lang='lat' dir='ltr'>peragerent.</span> 
     </span>
     <span class='ocr_line' id='line_1_35' title="bbox 344 3581 1296 3661; baseline 0.001 -16"><span class='ocrx_word' id='word_1_220' title='bbox 344 3581 480 3658; x_wconf 90' lang='lat' dir='ltr'>Quibus</span> <span class='ocrx_word' id='word_1_221' title='bbox 496 3586 547 3646; x_wconf 89' lang='lat' dir='ltr'>ita</span> <span class='ocrx_word' id='word_1_222' title='bbox 564 3584 780 3661; x_wconf 90' lang='lat' dir='ltr'>facientibus,</span> <span class='ocrx_word' id='word_1_223' title='bbox 800 3593 835 3648; x_wconf 89' lang='grc'>01</span> <span class='ocrx_word' id='word_1_224' title='bbox 850 3585 944 3647; x_wconf 89' lang='lat' dir='ltr'>rabie</span> <span class='ocrx_word' id='word_1_225' title='bbox 959 3585 1069 3648; x_wconf 88' lang='lat' dir='ltr'>ferina</span> <span class='ocrx_word' id='word_1_226' title='bbox 1085 3585 1296 3648; x_wconf 89' lang='lat' dir='ltr'>debacchan-</span> 
     </span>
     <span class='ocr_line' id='line_1_36' title="bbox 342 3680 1296 3763; baseline 0.001 -22"><span class='ocrx_word' id='word_1_227' title='bbox 342 3680 449 3755; x_wconf 86' lang='lat' dir='ltr'>tibus,</span> <span class='ocrx_word' id='word_1_228' title='bbox 470 3682 566 3744; x_wconf 89' lang='lat' dir='ltr'>venit</span> <span class='ocrx_word' id='word_1_229' title='bbox 594 3681 862 3756; x_wconf 88' lang='lat' dir='ltr'>Oxenafordam,</span> <span class='ocrx_word' id='word_1_230' title='bbox 888 3690 921 3744; x_wconf 92' lang='lat' dir='ltr'>et</span> <span class='ocrx_word' id='word_1_231' title='bbox 944 3682 1039 3744; x_wconf 90' lang='lat' dir='ltr'>illam</span> <span class='ocrx_word' id='word_1_232' title='bbox 1065 3683 1166 3745; x_wconf 88' lang='lat' dir='ltr'>citius</span> <span class='ocrx_word' id='word_1_233' title='bbox 1192 3700 1296 3763; x_wconf 90' lang='lat' dir='ltr'>quam</span> 
     </span>
    </p>
   </div>
   <div class='ocr_carea' id='block_1_10' title="bbox 342 3779 1294 3860">
    <p class='ocr_par' dir='ltr' id='par_1_12' title="bbox 342 3779 1294 3860">
     <span class='ocr_line' id='line_1_37' title="bbox 342 3779 1294 3860; baseline 0.001 -21"><span class='ocrx_word' id='word_1_234' title='bbox 342 3779 481 3856; x_wconf 85' lang='lat' dir='ltr'>putavit</span> <span class='ocrx_word' id='word_1_235' title='bbox 505 3779 665 3854; x_wconf 90' lang='lat' dir='ltr'>obtinuit,</span> <span class='ocrx_word' id='word_1_236' title='bbox 686 3779 930 3860; x_wconf 90' lang='lat' dir='ltr'>obsidibusque</span> <span class='ocrx_word' id='word_1_237' title='bbox 950 3780 1112 3860; x_wconf 87' lang='lat' dir='ltr'>acceptis,</span> <span class='ocrx_word' id='word_1_238' title='bbox 1133 3781 1294 3841; x_wconf 85' lang='lat' dir='ltr'>festinato</span> 
     </span>
    </p>
   </div>
   <div class='ocr_carea' id='block_1_11' title="bbox 352 3923 1300 4066">
    <p class='ocr_par' dir='ltr' id='par_1_13' title="bbox 352 3923 1300 4066">
     <span class='ocr_line' id='line_1_38' title="bbox 352 3923 1300 3998; baseline 0.003 -16"><span class='ocrx_word' id='word_1_239' title='bbox 352 3924 356 3929; x_wconf 61' lang='grc'><strong>’</strong></span> <span class='ocrx_word' id='word_1_240' title='bbox 378 3935 385 3967; x_wconf 94' lang='lat'>¹</span> <span class='ocrx_word' id='word_1_241' title='bbox 404 3927 466 3984; x_wconf 53' lang='lat' dir='ltr'>Sa&#39;x.</span> <span class='ocrx_word' id='word_1_242' title='bbox 479 3935 574 3986; x_wconf 87' lang='lat' dir='ltr'>Cbrou.</span> <span class='ocrx_word' id='word_1_243' title='bbox 834 3923 1076 3998; x_wconf 81' lang='lat' dir='ltr'>stunus‚Wyllensis</span> <span class='ocrx_word' id='word_1_244' title='bbox 1092 3938 1227 3997; x_wconf 84' lang='lat' dir='ltr'>episcopus</span> <span class='ocrx_word' id='word_1_245' title='bbox 1240 3940 1300 3985; x_wconf 61' lang='grc' dir='ltr'>η’.</span> 
     </span>
     <span class='ocr_line' id='line_1_39' title="bbox 378 4002 992 4066; baseline 0.008 -18"><span class='ocrx_word' id='word_1_246' title='bbox 378 4002 547 4064; x_wconf 54' lang='grc'>1110111010]</span> <span class='ocrx_word' id='word_1_247' title='bbox 590 4005 641 4054; x_wconf 80' lang='lat' dir='ltr'>Qui</span> <span class='ocrx_word' id='word_1_248' title='bbox 669 4012 694 4053; x_wconf 86' lang='lat' dir='ltr'>et</span> <span class='ocrx_word' id='word_1_249' title='bbox 716 4005 806 4053; x_wconf 86' lang='lat' dir='ltr'>Athel·</span> <span class='ocrx_word' id='word_1_250' title='bbox 835 4009 992 4066; x_wconf 63' lang='lat' dir='ltr'>Grumum.</span> 
     </span>
    </p>
   </div>
   <div class='ocr_carea' id='block_1_12' title="bbox 0 0 1568 4770">
    <p class='ocr_par' dir='ltr' id='par_1_14' title="bbox 0 0 1568 4770">
     <span class='ocr_line' id='line_1_40' title="bbox 0 0 1568 4770; baseline 0 0"><span class='ocrx_word' id='word_1_251' title='bbox 0 0 1568 4770; x_wconf 95' lang='lat' dir='ltr'> </span> 
     </span>
    </p>
   </div>
  </div>
 </body>
</html>
