3098 4770
298 334 342 396 60
673 347 883 395 cunomcon

133 526 254 574 nequem
299 496 469 558 sarnensis
488 495 687 574 episcopuS,
703 501 738 555 et
755 492 948 556 Wereburb
967 490 1136 566 Ceolredi,
1151 508 1260 571 quon-

132 576 250 664 ll?¹‘¹'¹¹‘¹¹
298 594 377 657 dam
393 594 487 672 regis
506 591 733 666 Merciorum,
749 593 881 671 regina,
900 587 1082 654 obierunt.¹

149 712 266 752 nuere
351 689 561 765 Kinewlsus,
578 709 642 752 rex
658 688 937 752 Occidentalium
953 687 1143 761 Saxonum,
1161 685 1257 746 clito·
1345 703 1349 709 ·

131 777 253 874 &yffifl‘
297 806 375 849 nem
406 787 654 864 Cinehurdum,
683 789 775 870 regis
801 787 962 852 videlicet
987 782 1166 868 Sigeberti'
1179 801 1257 862 ger·

132 876 230 964 {2222}
298 903 452 962 manum,
468 905 533 950 suo
556 887 599 949 de
628 906 737 966 regno
763 905 842 949 cum
867 886 1046 950 moliretur
1073 881 1258 964 expellere,

298 986 447 1065 contigit
461 986 560 1047 illum
575 985 706 1060 villam,
725 1004 804 1065 quae
822 984 972 1064 Anglice
996 982 1156 1052 Meretun
1175 979 1259 1040 dici-

298 1088 367 1158 tnr,
385 1101 495 1146 causa
511 1082 666 1144 mulieris
679 1082 873 1164 cujusdam,
889 1100 969 1144 cum
982 1079 1102 1160 paucis
1120 1077 1256 1140 adiisse.

300 1178 381 1254 Quo
397 1181 551 1260 cognito,
564 1198 647 1241 suos
663 1179 747 1241 clito
770 1179 992 1259 conglobavit
1006 1178 1111 1253 illico,
1128 1176 1257 1254 illoque

298 1277 446 1337 festinus
483 1295 560 1338 cnm
596 1294 724 1355 magno
760 1277 961 1356 properavit
1000 1275 1147 1355 gaudio:
1188 1291 1257 1353 quo
1294 1354 1296 1357 ι

299 1392 377 1435 cum
402 1375 567 1449 venisset,
591 1392 781 1454 omnesque
805 1375 877 1437 alto
904 1374 1020 1454 sopori
1045 1373 1179 1436 deditos
1208 1371 1258 1433 in-

299 1473 462 1548 venisset,
479 1490 665 1547 cameram,
680 1473 717 1535 in
732 1492 802 1553 qua
831 1492 893 1536 rex
919 1472 1090 1535 dormiens
1104 1469 1257 1554 jacebat,

297 1572 436 1651 spissim
472 1571 735 1634 circumvallare
766 1572 839 1634 suis
865 1571 1098 1652 praecipiebat.
1151 1569 1254 1645 Quod

297 1689 360 1731 rex
392 1678 432 1732 ut
463 1670 644 1749 comperit,
677 1678 788 1733 strato
820 1670 967 1751 prosilit,
996 1689 1092 1732 arma
1123 1668 1256 1748 arripit,

296 1768 426 1828 ostium
442 1784 589 1828 camerae
608 1768 732 1846 aperit,
749 1775 784 1829 et
799 1768 986 1847 pugnando
1002 1786 1039 1828 se
1054 1769 1256 1848 impugnan-

298 1863 391 1925 tibus
423 1863 568 1925 viriliter
583 1862 743 1926 resistit:
785 1864 861 1926 viso
889 1864 1030 1927 tandem
1053 1865 1190 1942 clitone,
1220 1864 1255 1925 iu

295 1959 394 2022 illum
412 1960 571 2041 protinus
595 1960 708 2037 irruit,
727 1980 874 2042 eumque
898 1961 1025 2043 oppido
1042 1961 1255 2039 vulneravit3

295 2059 396 2141 cujus
413 2058 541 2122 milites
557 2059 624 2121 boc
639 2060 809 2136 videntes,
823 2061 924 2122 simul
941 2079 1059 2122 omnes
1081 2061 1116 2122 in
1137 2077 1254 2138 regem

294 2157 527 2232 insurrexere,
569 2156 859 2237 vulneratumque
905 2157 1114 2219 interfecere.
1180 2155 1254 2216 Ex·

221 2306 224 2311 .
294 2253 424 2316 clamat
451 2254 574 2315 mulier
597 2273 671 2334 pree
695 2255 818 2317 timore
842 2260 877 2315 et
908 2253 1038 2329 dolore,
1066 2252 1255 2334 impletque

294 2369 467 2413 cameram
483 2348 590 2413 flebili
605 2349 767 2412 clamore.
819 2348 983 2413 Accurrit
998 2352 1155 2432 paucitas
1170 2351 1256 2414 mili·

294 2455 382 2525 tum,
409 2468 526 2528 regem
545 2448 640 2510 videt
665 2449 830 2523 occisum,
845 2467 948 2528 quem
972 2450 1077 2529 paulo
1104 2456 1184 2512 ante
1201 2467 1255 2512 re-

293 2546 445 2628 liquerat
468 2547 609 2609 vivum:
637 2553 850 2627 quapropter
875 2546 937 2610 irae
958 2546 1109 2610 stimulis
1133 2547 1254 2626 exagi-

293 2651 371 2707 tata
393 2644 657 2730 perplurimum,
682 2645 878 2724 evaginatis
904 2644 1097 2722 machaeris
1118 2645 1153 2708 in
1176 2643 1253 2726 ejus

292 2741 534 2805 interfectores
564 2734 730 2822 magnum
760 2742 844 2805 facit
870 2743 1047 2824 impetum.
1097 2742 1252 2807 Atilios

293 2839 377 2903 clito
393 2841 569 2903 allocutus
591 2839 827 2916 blandissime,
844 2841 1015 2921 promittit
1036 2840 1160 2922 cuique
1182 2860 1252 2904 non

292 2938 465 3000 modicum
487 2939 658 3019 pecuniae,
676 2939 849 3019 promittit
874 2940 980 3001 etiam
1005 2940 1131 3016 vivere,
1154 2939 1185 3002 si
1207 2940 1251 3002 ab

291 3035 458 3117 incoeptis
494 3037 605 3100 velint
642 3036 819 3099 desistere.
873 3036 931 3098 Illi
964 3056 1045 3099 vero
1082 3037 1252 3118 promissa

292 3142 473 3213 spernunt,
496 3135 621 3214 coeptis
647 3134 834 3205 insistunt,
860 3134 920 3197 sed
949 3153 1078 3210 omneS,
1105 3143 1252 3216 excepto

293 3251 362 3293 uno
391 3232 568 3295 Britonico
592 3232 713 3294 obside
739 3233 841 3294 nimis
862 3233 1055 3308 vulnerato,
1080 3234 1251 3296 occidunt.

294 3329 401 3390 Mane
442 3338 572 3406 autem,
604 3337 714 3392 morte
751 3331 843 3410 regis
874 3330 1004 3406 audita,
1035 3330 1106 3392 dux
1125 3331 1252 3412 „ipsius

294 3424 439 3489 Osricus
460 3427 527 3488 sibi
552 3428 792 3503 amicissimus
820 3437 855 3490 et
872 3428 1065 3491 Wilerthus
1090 3428 1165 3511 ejus
1188 3429 1254 3491 mi·

292 3525 400 3586 nister
424 3523 923 3600 fidelissim11S,cumomnibus
948 3545 1036 3606 quos
1059 3546 1122 3589 rex
1144 3528 1253 3608 pridie

292 3623 385 3684 domi
416 3623 615 3702 reliquerat,
642 3623 776 3684 citatim
805 3623 1035 3697 advolarunt3
1071 3625 1132 3687 sed
1159 3625 1252 3688 fores

292 3727 434 3782 cunctas
450 3729 585 3782 seratas
609 3721 838 3796 invenerunt;
864 3740 952 3801 quas
968 3721 1049 3784 dum
1064 3723 1254 3786 moliuntur

291 3818 486 3898 effringere,
503 3818 546 3879 ad
564 3837 624 3881 eos
640 3819 724 3880 clito
741 3818 907 3880 accedens
922 3818 1104 3900 intrepide,
1120 3840 1255 3896 aurum,

463 4034 468 4060 ¹
488 4037 549 4085 Sex.
563 4037 656 4086 Cbron.
669 4052 694 4085 a.
706 4042 763 4086 782.
801 4037 863 4087 Sim.
875 4039 998 4087 Dunelm.
1011 4053 1035 4088 n.
1047 4042 1104 4087 753.
