3098 4770
458 345 651 393 sponsum
679 344 962 394 wroonurrusis.
1115 331 1183 395 185

227 498 343 561 misit:
369 499 513 561 timebat
534 498 625 561 enim
649 499 774 561 abillo
798 500 852 562 vel
876 500 949 562 vita
970 501 1099 580 privari
1126 503 1179 565 vel

226 614 335 676 regno
353 596 494 676 expelli.

278 693 472 755 Praedictus
491 712 606 756 comes
630 691 757 755 Hacun
773 695 810 755 in
831 695 918 756 mari
941 693 1077 773 periitt¹
1103 695 1181 773 qui·
1206 715 1338 755 nunus

227 788 308 850 dam
329 798 444 852 tamen
462 790 582 852 dicunt
599 809 678 852 eum
694 791 800 854 fuisso
817 792 967 854 occisum
986 792 1020 853 in
1040 791 1179 855 Orcada
1193 779 1321 876 ζῖᾚῆζη,

227 886 351 948 insula.
405 886 555 949 Sanctus
574 886 719 962 olavus,
738 907 800 950 rex
819 897 854 951 et
869 897 1010 968 martyr,
1029 889 1179 951 Heroldi
1193 889 1287 965 ξῖῗοω

226 983 319 1060 regis
352 981 635 1063 Norreganorum
670 983 773 1060 lilius,
797 986 832 1046 in
861 983 1022 1065 Norrega
1050 986 1180 1067 injuste
1193 975 1255 1013 '¹⁸¹⁰‘

226 1080 407 1158 perimitur
425 1099 446 1142 a
463 1079 703 1159 Norreganis.²

278 1175 438 1239 Canutus
456 1196 520 1238 rex
542 1176 747 1257 Anglorum,
773 1177 964 1254 Danorum,
986 1186 1022 1241 et
1047 1177 1178 1241 Norre·
1205 1192 1267 1230 A·1³·
1279 1194 1336 1231 ¹⁰³¹-

225 1291 407 1350 ganorum,
442 1273 485 1336 de
518 1275 746 1337 Denemarcia
778 1293 904 1354 magno
937 1296 1013 1338 cum
1049 1255 1308 1343 honorefidulii.⁸

226 1368 375 1431 Romam
400 1368 491 1444 ivit,³
513 1379 548 1433 et
570 1371 604 1432 S.
622 1371 739 1444 Petro,
755 1368 1002 1448 Apostolorum
1020 1373 1178 1452 principi,

225 1467 381 1545 ingentia
404 1467 508 1541 dona,
525 1468 560 1529 in
578 1485 663 1530 auro
681 1474 716 1529 et
734 1474 890 1546 argento,
907 1469 1052 1548 aliisque
1074 1470 1179 1531 rebus

225 1564 387 1641 pretiosis
405 1565 543 1639 obtulit,
564 1572 600 1627 et
617 1585 639 1626 a
656 1564 678 1627 J
682 1564 818 1627 ohanne
839 1584 942 1645 papa,
959 1575 997 1628 ut
1015 1566 1177 1629 Scholam

224 1660 419 1738 Anglorum
443 1663 488 1723 ah
511 1663 602 1723 omni
630 1664 759 1723 tributo
785 1671 820 1722 et
842 1663 978 1723 thelone
1000 1662 1176 1737 liberaret,

224 1757 445 1835 impetravit3
474 1764 510 1818 et
528 1757 562 1817 in
583 1758 696 1819 eundo
713 1766 749 1818 et
769 1757 942 1819 redeundo
957 1757 1073 1836 largas
1089 1775 1176 1836 pau·

223 1853 365 1933 peribus
400 1852 637 1934 eleemosynas
671 1854 840 1932 erogavit,
875 1873 916 1916 ac
953 1854 1079 1916 multas
1114 1874 1177 1935 per

222 1951 316 2011 viam
345 1950 536 2024 clausuras,
560 1952 619 2013 ubi
644 1951 763 2012 thelon
789 1970 811 2013 a
838 1951 1027 2031 peregrinis
1057 1958 1175 2014 extor-

224 2049 409 2125 quebatur,
431 2048 566 2127 ingenti
595 2049 707 2128 pretio
738 2047 832 2120 dato,
858 2046 1050 2126 dissipavit.
1103 2046 1176 2110 Hic

223 2144 329 2205 etiam
352 2151 434 2205 ante
464 2143 685 2222 sepulchrum
719 2142 966 2222 Apostolorum
997 2162 1070 2206 suae
1092 2143 1176 2208 vitae

222 2257 427 2319 morumque
445 2240 719 2302 emendationem
743 2240 820 2302 Deo
843 2239 1002 2317 devovit3
1025 2240 1117 2303 unde
1140 2251 1177 2306 et

223 2335 405 2414 epistolam
421 2335 590 2399 memoria
606 2337 758 2416 dignam,
776 2355 838 2416 per
853 2337 964 2398 virum
980 2338 1177 2417 prudentis·

220 2433 347 2493 simum
374 2431 576 2512 Livingum,
602 2439 685 2495 tnnc
708 2433 997 2496 Teavestokensis
1019 2434 1175 2498 ecclesiae

220 2530 394 2604 abbatem,
417 2537 500 2610 post
518 2549 601 2592 vero
619 2550 703 2593 mox
723 2531 844 2593 eodem
871 2549 961 2593 anno
979 2531 1015 2610 in
1038 2530 1174 2594 Cridia·

220 2626 375 2687 tunensis
397 2626 552 2688 ecclesiss
574 2627 778 2707 pontificatu
801 2628 975 2690 Esduothi
997 2646 1175 2691 successo·

220 2740 306 2797 rem,
325 2723 385 2801 qui
402 2722 469 2784 sihi
492 2741 608 2784 comes
624 2725 756 2785 itineris
772 2725 900 2799 extitit,
916 2723 1072 2803 aliosque
1089 2743 1173 2787 suos

218 2818 356 2898 legatos
377 2816 544 2898 Angliam
566 2821 671 2893 misit,
696 2819 777 2881 dum
801 2819 875 2899 ipse
896 2818 1011 2881 Roma
1036 2820 1173 2882 rediens

218 2934 281 2995 per
304 2916 398 2977 viam
421 2932 525 2995 quam
550 2915 652 2990 ieret,
680 2914 942 2978 Denemarcinm
968 2915 1171 2996 priusquam

218 3011 386 3091 Angliam
401 3019 554 3092 peteret:
579 3012 678 3092 cujus
694 3012 850 3092 epistolae
867 3019 1002 3074 textum
1017 3012 1073 3074 hic
1090 3016 1173 3076 sub·

214 3109 365 3170 scribere
382 3109 526 3187 dignum
543 3109 718 3169 duximus.

269 3204 427 3266 Canutus
453 3222 517 3265 rex
545 3206 653 3266 totius
680 3203 831 3282 Aninse,
860 3211 896 3265 et
919 3203 1298 3279 Denemarciae,m.1ener

252 3389 259 3418 ¹
278 3391 339 3439 Sax.
352 3390 446 3439 Chron.
691 3391 734 3479 'of
751 3390 840 3439 Cnut's
854 3392 978 3450 Journey:
1001 3392 1021 3438 it
1039 3391 1087 3439 has
1106 3393 1169 3440 with

249 3455 437 3506 ²Venerabilis
469 3457 550 3506 abbas
577 3459 780 3538 Abben-'much
798 3459 950 3518 probability
968 3459 1031 3506 been
1048 3461 1169 3520 assigned

212 3526 297 3573 doniae
318 3526 470 3573 Adelwinus
492 3527 565 3586 obiit,
585 3529 626 3574 cui
649 3541 680 3574 ex
691 3558 694 3564 ·
704 3531 730 3573 to
741 3526 783 3574 the
790 3526 865 3573 latter
875 3526 931 3573 hali
937 3526 965 3573 ol
973 3527 1014 3574 the
1023 3541 1084 3586 year
1094 3531 1168 3576 1026.

213 3593 261 3641 hac
279 3594 332 3640 vita
350 3593 482 3641 decedenti
494 3594 636 3655 siwardus,
648 3608 680 3641 ex
704 3592 758 3642 The
778 3594 902 3654 objection
924 3594 978 3640 that
996 3594 1028 3641 hs
1047 3609 1102 3642 was
1124 3601 1168 3642 not

213 3656 386 3709 Glestoniensi
400 3662 517 3708 coenobio
533 3663 680 3723 monachus,
704 3661 763 3708 then
775 3663 800 3707 in
812 3663 955 3720 possession
969 3661 999 3707 oi
1007 3662 1130 3722 Norway,
1142 3663 1171 3709 of

212 3729 344 3786 successit,
357 3732 408 3774 tum
426 3729 588 3775 saecnlnriurn
604 3744 679 3787 quiem
704 3727 788 3775 which
807 3728 838 3775 he
851 3729 928 3786 styles
943 3728 1047 3775 himself
1060 3729 1132 3788 king,
1144 3731 1167 3776 is

212 3796 441 3844 ecclesiasticarum
449 3796 535 3854 vigore
543 3796 678 3842 admodum
704 3795 733 3840 of
746 3809 778 3841 no
793 3800 864 3854 great
880 3795 983 3854 weight,
995 3796 1070 3855 being
1084 3810 1167 3855 uppa-

213 3864 302 3911 iultus.
330 3864 362 3910 L.
374 3864 430 3911 add.
622 3901 624 3904 ,
703 3863 785 3920 reutly
799 3876 831 3908 an
846 3862 953 3910 errores
967 3862 1007 3909 the
1020 3863 1167 3911 laterchro·

248 3931 378 3977 litonutm
396 3928 464 3990 itit]
502 3927 582 3977 Grest
600 3929 679 3975 doubt
704 3929 803 3977 niclers.
838 3930 885 3977 See
910 3927 1097 3990 happenberg's
1117 3932 1169 3978 Eu-

212 3999 323 4057 prevails
336 3997 396 4044 with
414 4002 513 4056 respect
526 4003 551 4043 to
567 3996 608 4043 the
620 3996 678 4043 date
703 3997 788 4056 gland,
801 4009 830 4043 ri.
843 4012 869 4056 p.
881 4000 938 4045 211.
