<?xml version="1.0" encoding="UTF-8"?>
<!DOCTYPE html PUBLIC "-//W3C//DTD XHTML 1.0 Transitional//EN"
    "http://www.w3.org/TR/xhtml1/DTD/xhtml1-transitional.dtd">
<html xmlns="http://www.w3.org/1999/xhtml" xml:lang="en" lang="en">
 <head>
  <title>
</title>
<meta http-equiv="Content-Type" content="text/html;charset=utf-8" />
  <meta name='ocr-system' content='tesseract 3.04.00' />
  <meta name='ocr-capabilities' content='ocr_page ocr_carea ocr_par ocr_line ocrx_word'/>
</head>
<body>
  <div class='ocr_page' id='page_1' title='image "./florentiiwigorn00florgoog_0188.png"; bbox 0 0 3098 4770; ppageno 0'>
   <div class='ocr_carea' id='block_1_1' title="bbox 442 357 1159 419">
    <p class='ocr_par' dir='ltr' id='par_1_1' title="bbox 442 357 1159 419">
     <span class='ocr_line' id='line_1_1' title="bbox 442 357 1159 419; baseline 0.008 -6"><span class='ocrx_word' id='word_1_1' title='bbox 442 367 634 416; x_wconf 76' lang='lat' dir='ltr'>nnonnurn</span> <span class='ocrx_word' id='word_1_2' title='bbox 663 370 939 418; x_wconf 78' lang='lat' dir='ltr'>wrconnmnsrs.</span> <span class='ocrx_word' id='word_1_3' title='bbox 1094 357 1159 419; x_wconf 88' lang='grc'>179</span> 
     </span>
    </p>
   </div>
   <div class='ocr_carea' id='block_1_2' title="bbox 211 520 1294 1479">
    <p class='ocr_par' dir='ltr' id='par_1_2' title="bbox 212 520 1159 798">
     <span class='ocr_line' id='line_1_2' title="bbox 212 520 1158 604; baseline 0.01 -26"><span class='ocrx_word' id='word_1_4' title='bbox 212 525 248 578; x_wconf 92' lang='lat' dir='ltr'>et</span> <span class='ocrx_word' id='word_1_5' title='bbox 284 520 438 582; x_wconf 88' lang='lat' dir='ltr'>vestibus</span> <span class='ocrx_word' id='word_1_6' title='bbox 470 524 624 597; x_wconf 86' lang='lat' dir='ltr'>mutatis,</span> <span class='ocrx_word' id='word_1_7' title='bbox 659 524 851 603; x_wconf 90' lang='lat' dir='ltr'>tributoque</span> <span class='ocrx_word' id='word_1_8' title='bbox 883 523 973 604; x_wconf 93' lang='lat' dir='ltr'>quod</span> <span class='ocrx_word' id='word_1_9' title='bbox 1005 522 1158 587; x_wconf 87' lang='lat' dir='ltr'>classicae</span> 
     </span>
     <span class='ocr_line' id='line_1_3' title="bbox 212 618 1158 698; baseline 0.014 -26"><span class='ocrx_word' id='word_1_10' title='bbox 212 618 330 678; x_wconf 87' lang='lat' dir='ltr'>manui</span> <span class='ocrx_word' id='word_1_11' title='bbox 355 619 564 698; x_wconf 86' lang='lat' dir='ltr'>penderetur</span> <span class='ocrx_word' id='word_1_12' title='bbox 590 627 733 696; x_wconf 86' lang='lat' dir='ltr'>statuto,</span> <span class='ocrx_word' id='word_1_13' title='bbox 756 622 967 683; x_wconf 85' lang='lat' dir='ltr'>abinvicem</span> <span class='ocrx_word' id='word_1_14' title='bbox 991 621 1158 684; x_wconf 89' lang='lat' dir='ltr'>discesse-</span> 
     </span>
     <span class='ocr_line' id='line_1_4' title="bbox 212 716 1159 798; baseline 0.011 -26"><span class='ocrx_word' id='word_1_15' title='bbox 212 723 306 776; x_wconf 90' lang='lat' dir='ltr'>runt.</span> <span class='ocrx_word' id='word_1_16' title='bbox 360 716 454 777; x_wconf 91' lang='lat' dir='ltr'>Dani</span> <span class='ocrx_word' id='word_1_17' title='bbox 470 726 679 778; x_wconf 91' lang='lat' dir='ltr'>tamencum</span> <span class='ocrx_word' id='word_1_18' title='bbox 696 719 812 798; x_wconf 78' lang='lat' dir='ltr'>praeda</span> <span class='ocrx_word' id='word_1_19' title='bbox 828 737 930 798; x_wconf 86' lang='lat' dir='ltr'>quam</span> <span class='ocrx_word' id='word_1_20' title='bbox 948 718 1159 798; x_wconf 87' lang='lat' dir='ltr'>diripuerant</span> 
     </span>
    </p>

    <p class='ocr_par' dir='ltr' id='par_1_3' title="bbox 211 812 1294 1381">
     <span class='ocr_line' id='line_1_5' title="bbox 212 812 1158 897; baseline 0.011 -28"><span class='ocrx_word' id='word_1_21' title='bbox 212 827 295 871; x_wconf 87' lang='lat' dir='ltr'>suas</span> <span class='ocrx_word' id='word_1_22' title='bbox 313 812 358 873; x_wconf 86' lang='lat' dir='ltr'>ad</span> <span class='ocrx_word' id='word_1_23' title='bbox 372 831 479 875; x_wconf 90' lang='lat' dir='ltr'>naves</span> <span class='ocrx_word' id='word_1_24' title='bbox 497 814 692 892; x_wconf 89' lang='lat' dir='ltr'>redierunt;</span> <span class='ocrx_word' id='word_1_25' title='bbox 716 835 791 878; x_wconf 91' lang='lat' dir='ltr'>cum</span> <span class='ocrx_word' id='word_1_26' title='bbox 803 816 927 896; x_wconf 90' lang='lat' dir='ltr'>quibus</span> <span class='ocrx_word' id='word_1_27' title='bbox 943 834 1060 897; x_wconf 91' lang='lat' dir='ltr'>pacem</span> <span class='ocrx_word' id='word_1_28' title='bbox 1076 817 1158 879; x_wconf 87' lang='lat' dir='ltr'>dato</span> 
     </span>
     <span class='ocr_line' id='line_1_6' title="bbox 211 908 1157 986; baseline 0.01 -20"><span class='ocrx_word' id='word_1_29' title='bbox 211 908 325 985; x_wconf 89' lang='lat' dir='ltr'>pretio</span> <span class='ocrx_word' id='word_1_30' title='bbox 343 910 437 972; x_wconf 86' lang='lat' dir='ltr'>cives</span> <span class='ocrx_word' id='word_1_31' title='bbox 463 910 722 973; x_wconf 88' lang='lat' dir='ltr'>Lundonienses</span> <span class='ocrx_word' id='word_1_32' title='bbox 738 912 900 986; x_wconf 86' lang='lat' dir='ltr'>fecerunt,</span> <span class='ocrx_word' id='word_1_33' title='bbox 917 921 952 974; x_wconf 93' lang='lat' dir='ltr'>et</span> <span class='ocrx_word' id='word_1_34' title='bbox 969 931 1027 974; x_wconf 92' lang='lat' dir='ltr'>cos</span> <span class='ocrx_word' id='word_1_35' title='bbox 1041 932 1157 976; x_wconf 88' lang='lat' dir='ltr'>secum</span> 
     </span>
     <span class='ocr_line' id='line_1_7' title="bbox 212 1003 1287 1111; baseline 0.009 -48"><span class='ocrx_word' id='word_1_36' title='bbox 212 1003 363 1067; x_wconf 91' lang='lat' dir='ltr'>hiemare</span> <span class='ocrx_word' id='word_1_37' title='bbox 391 1009 630 1087; x_wconf 85' lang='lat' dir='ltr'>permiserunt.</span> <span class='ocrx_word' id='word_1_38' title='bbox 684 1006 770 1071; x_wconf 84' lang='lat' dir='ltr'><strong>Post</strong></span> <span class='ocrx_word' id='word_1_39' title='bbox 793 1009 877 1083; x_wconf 87' lang='lat' dir='ltr'>haec,</span> <span class='ocrx_word' id='word_1_40' title='bbox 895 1028 957 1070; x_wconf 89' lang='lat' dir='ltr'>rex</span> <span class='ocrx_word' id='word_1_41' title='bbox 982 1008 1156 1072; x_wconf 91' lang='lat' dir='ltr'>Eadmun·</span> <span class='ocrx_word' id='word_1_42' title='bbox 1171 1022 1287 1111; x_wconf 55' lang='lat' dir='ltr'>ffithotd</span> 
     </span>
     <span class='ocr_line' id='line_1_8' title="bbox 212 1083 1294 1174; baseline 0.009 -14"><span class='ocrx_word' id='word_1_43' title='bbox 212 1100 278 1162; x_wconf 93' lang='lat' dir='ltr'>dus</span> <span class='ocrx_word' id='word_1_44' title='bbox 308 1102 472 1166; x_wconf 83' lang='lat' dir='ltr'>Ferreum</span> <span class='ocrx_word' id='word_1_45' title='bbox 504 1103 627 1174; x_wconf 84' lang='lat' dir='ltr'>Latus.</span> <span class='ocrx_word' id='word_1_46' title='bbox 654 1106 745 1168; x_wconf 91' lang='lat' dir='ltr'>circa</span> <span class='ocrx_word' id='word_1_47' title='bbox 768 1106 991 1169; x_wconf 87' lang='lat' dir='ltr'>festivitatem</span> <span class='ocrx_word' id='word_1_48' title='bbox 1020 1105 1056 1168; x_wconf 89' lang='lat' dir='ltr'>S.</span> <span class='ocrx_word' id='word_1_49' title='bbox 1081 1106 1156 1169; x_wconf 86' lang='lat' dir='ltr'>An·</span> <span class='ocrx_word' id='word_1_50' title='bbox 1218 1083 1294 1112; x_wconf 58' lang='grc' dir='ltr'>Μ’</span> 
     </span>
     <span class='ocr_line' id='line_1_9' title="bbox 212 1198 1158 1283; baseline 0.011 -26"><span class='ocrx_word' id='word_1_51' title='bbox 212 1198 304 1262; x_wconf 88' lang='lat' dir='ltr'>dreae</span> <span class='ocrx_word' id='word_1_52' title='bbox 321 1200 483 1279; x_wconf 81' lang='lat' dir='ltr'><strong>Apostoli</strong></span> <span class='ocrx_word' id='word_1_53' title='bbox 499 1203 559 1282; x_wconf 85' lang='lat'>[30</span> <span class='ocrx_word' id='word_1_54' title='bbox 577 1202 612 1264; x_wconf 96' lang='lat' dir='ltr'>N</span> <span class='ocrx_word' id='word_1_55' title='bbox 615 1205 702 1283; x_wconf 89' lang='lat' dir='ltr'><strong>ov.],</strong></span> <span class='ocrx_word' id='word_1_56' title='bbox 720 1220 781 1266; x_wconf 86' lang='lat' dir='ltr'>xv.</span> <span class='ocrx_word' id='word_1_57' title='bbox 800 1204 995 1278; x_wconf 83' lang='lat' dir='ltr'>indictione,</span> <span class='ocrx_word' id='word_1_58' title='bbox 1011 1205 1158 1268; x_wconf 82' lang='lat' dir='ltr'>decessit</span> 
     </span>
     <span class='ocr_line' id='line_1_10' title="bbox 214 1293 1157 1381; baseline 0.011 -26"><span class='ocrx_word' id='word_1_59' title='bbox 214 1293 419 1373; x_wconf 86' lang='lat' dir='ltr'>Lundoniae,</span> <span class='ocrx_word' id='word_1_60' title='bbox 434 1300 494 1361; x_wconf 91' lang='lat' dir='ltr'>sed</span> <span class='ocrx_word' id='word_1_61' title='bbox 518 1320 596 1362; x_wconf 90' lang='lat' dir='ltr'>cum</span> <span class='ocrx_word' id='word_1_62' title='bbox 613 1319 679 1362; x_wconf 86' lang='lat' dir='ltr'>avo</span> <span class='ocrx_word' id='word_1_63' title='bbox 702 1319 776 1375; x_wconf 92' lang='lat' dir='ltr'>suo,</span> <span class='ocrx_word' id='word_1_64' title='bbox 801 1319 881 1378; x_wconf 82' lang='lat' dir='ltr'>rege</span> <span class='ocrx_word' id='word_1_65' title='bbox 905 1301 1049 1381; x_wconf 88' lang='lat' dir='ltr'>pacifico</span> <span class='ocrx_word' id='word_1_66' title='bbox 1065 1303 1157 1364; x_wconf 84' lang='lat' dir='ltr'>Ead-</span> 
     </span>
    </p>

    <p class='ocr_par' dir='ltr' id='par_1_4' title="bbox 213 1395 1272 1479">
     <span class='ocr_line' id='line_1_11' title="bbox 213 1395 1272 1479; baseline 0.007 -25"><span class='ocrx_word' id='word_1_67' title='bbox 213 1412 313 1471; x_wconf 82' lang='lat' dir='ltr'>garo,</span> <span class='ocrx_word' id='word_1_68' title='bbox 329 1396 488 1475; x_wconf 91' lang='lat' dir='ltr'>sepultus</span> <span class='ocrx_word' id='word_1_69' title='bbox 504 1405 558 1460; x_wconf 91' lang='lat' dir='ltr'>est</span> <span class='ocrx_word' id='word_1_70' title='bbox 575 1396 784 1459; x_wconf 86' lang='lat' dir='ltr'>Gleastoniae</span> <span class='ocrx_word' id='word_1_71' title='bbox 799 1395 821 1459; x_wconf 83' lang='lat'>:¹</span> <span class='ocrx_word' id='word_1_72' title='bbox 844 1396 943 1479; x_wconf 88' lang='lat' dir='ltr'>cujus</span> <span class='ocrx_word' id='word_1_73' title='bbox 968 1404 1047 1479; x_wconf 90' lang='lat' dir='ltr'>post</span> <span class='ocrx_word' id='word_1_74' title='bbox 1068 1417 1158 1461; x_wconf 87' lang='lat' dir='ltr'>mor·</span> <span class='ocrx_word' id='word_1_75' title='bbox 1171 1411 1272 1451; x_wconf 63' lang='lat' dir='ltr'>enum</span> 
     </span>
    </p>
   </div>
   <div class='ocr_carea' id='block_1_3' title="bbox 1170 1461 1309 1500">
    <p class='ocr_par' dir='ltr' id='par_1_5' title="bbox 1170 1461 1309 1500">
     <span class='ocr_line' id='line_1_12' title="bbox 1170 1461 1309 1500; baseline 0.014 -2"><span class='ocrx_word' id='word_1_76' title='bbox 1170 1461 1263 1500; x_wconf 73' lang='lat' dir='ltr'>semble·</span> <span class='ocrx_word' id='word_1_77' title='bbox 1272 1462 1309 1500; x_wconf 80' lang='lat' dir='ltr'>the</span> 
     </span>
    </p>
   </div>
   <div class='ocr_carea' id='block_1_4' title="bbox 212 1492 1307 1576">
    <p class='ocr_par' dir='ltr' id='par_1_6' title="bbox 212 1492 1307 1576">
     <span class='ocr_line' id='line_1_13' title="bbox 212 1492 1307 1576; baseline 0.005 -25"><span class='ocrx_word' id='word_1_78' title='bbox 212 1497 295 1566; x_wconf 92' lang='lat' dir='ltr'>tem,</span> <span class='ocrx_word' id='word_1_79' title='bbox 329 1511 391 1555; x_wconf 87' lang='lat' dir='ltr'>rex</span> <span class='ocrx_word' id='word_1_80' title='bbox 433 1492 589 1557; x_wconf 81' lang='lat' dir='ltr'>canutus</span> <span class='ocrx_word' id='word_1_81' title='bbox 620 1514 736 1557; x_wconf 90' lang='lat' dir='ltr'>omnes</span> <span class='ocrx_word' id='word_1_82' title='bbox 767 1495 945 1576; x_wconf 86' lang='lat' dir='ltr'>episcopos</span> <span class='ocrx_word' id='word_1_83' title='bbox 976 1503 1010 1559; x_wconf 91' lang='lat' dir='ltr'>et</span> <span class='ocrx_word' id='word_1_84' title='bbox 1040 1496 1157 1573; x_wconf 91' lang='lat' dir='ltr'>duces,</span> <span class='ocrx_word' id='word_1_85' title='bbox 1172 1511 1307 1557; x_wconf 65' lang='lat' dir='ltr'>hisemale</span> 
     </span>
    </p>
   </div>
   <div class='ocr_carea' id='block_1_5' title="bbox 1171 1559 1311 1602">
    <p class='ocr_par' dir='ltr' id='par_1_7' title="bbox 1171 1559 1311 1602">
     <span class='ocr_line' id='line_1_14' title="bbox 1171 1559 1311 1602; baseline 0 -6"><span class='ocrx_word' id='word_1_86' title='bbox 1171 1559 1252 1602; x_wconf 73' lang='lat' dir='ltr'>nobles.</span> <span class='ocrx_word' id='word_1_87' title='bbox 1263 1561 1311 1596; x_wconf 74' lang='lat' dir='ltr'>vbo</span> 
     </span>
    </p>
   </div>
   <div class='ocr_carea' id='block_1_6' title="bbox 120 1592 1310 3806">
    <p class='ocr_par' dir='ltr' id='par_1_8' title="bbox 120 1592 1310 3806">
     <span class='ocr_line' id='line_1_15' title="bbox 212 1592 1310 1693; baseline 0.008 -46"><span class='ocrx_word' id='word_1_88' title='bbox 212 1606 346 1650; x_wconf 91' lang='lat' dir='ltr'>necnon</span> <span class='ocrx_word' id='word_1_89' title='bbox 365 1599 400 1652; x_wconf 95' lang='lat' dir='ltr'>et</span> <span class='ocrx_word' id='word_1_90' title='bbox 414 1592 598 1672; x_wconf 86' lang='lat' dir='ltr'>principes,</span> <span class='ocrx_word' id='word_1_91' title='bbox 616 1602 823 1672; x_wconf 90' lang='lat' dir='ltr'>cunctosque</span> <span class='ocrx_word' id='word_1_92' title='bbox 847 1596 1031 1671; x_wconf 84' lang='lat' dir='ltr'>optimates</span> <span class='ocrx_word' id='word_1_93' title='bbox 1045 1596 1158 1672; x_wconf 82' lang='lat' dir='ltr'>gentis</span> <span class='ocrx_word' id='word_1_94' title='bbox 1171 1609 1257 1693; x_wconf 55' lang='lat'>{5⁰¹⁸}</span> <span class='ocrx_word' id='word_1_95' title='bbox 1264 1609 1310 1693; x_wconf 63' lang='lat' dir='ltr'>qm</span> 
     </span>
     <span class='ocr_line' id='line_1_16' title="bbox 213 1667 1278 1769; baseline 0.008 -24"><span class='ocrx_word' id='word_1_96' title='bbox 213 1681 365 1764; x_wconf 80' lang='lat' dir='ltr'>Angliae,</span> <span class='ocrx_word' id='word_1_97' title='bbox 383 1688 573 1751; x_wconf 87' lang='lat' dir='ltr'>Lundouiae</span> <span class='ocrx_word' id='word_1_98' title='bbox 599 1691 799 1768; x_wconf 82' lang='lat' dir='ltr'>congregari</span> <span class='ocrx_word' id='word_1_99' title='bbox 812 1690 927 1769; x_wconf 88' lang='lat' dir='ltr'>jussit.</span> <span class='ocrx_word' id='word_1_100' title='bbox 982 1689 1062 1765; x_wconf 89' lang='lat' dir='ltr'>Qui,</span> <span class='ocrx_word' id='word_1_101' title='bbox 1080 1709 1157 1751; x_wconf 90' lang='lat' dir='ltr'>cum</span> <span class='ocrx_word' id='word_1_102' title='bbox 1172 1667 1278 1753; x_wconf 54' lang='lat' dir='ltr'>alliud</span> 
     </span>
     <span class='ocr_line' id='line_1_17' title="bbox 213 1782 1160 1866; baseline 0.008 -24"><span class='ocrx_word' id='word_1_103' title='bbox 213 1782 390 1844; x_wconf 89' lang='lat' dir='ltr'>venissent</span> <span class='ocrx_word' id='word_1_104' title='bbox 414 1791 496 1846; x_wconf 89' lang='lat' dir='ltr'>ante</span> <span class='ocrx_word' id='word_1_105' title='bbox 522 1803 612 1860; x_wconf 88' lang='lat' dir='ltr'>eum,</span> <span class='ocrx_word' id='word_1_106' title='bbox 633 1786 731 1866; x_wconf 85' lang='lat' dir='ltr'>quasi</span> <span class='ocrx_word' id='word_1_107' title='bbox 754 1785 917 1860; x_wconf 76' lang='lat' dir='ltr'>nescienS,</span> <span class='ocrx_word' id='word_1_108' title='bbox 934 1787 1160 1865; x_wconf 82' lang='lat' dir='ltr'>interrogavit</span> 
     </span>
     <span class='ocr_line' id='line_1_18' title="bbox 212 1881 1159 1962; baseline 0.007 -22"><span class='ocrx_word' id='word_1_109' title='bbox 212 1897 273 1941; x_wconf 89' lang='lat' dir='ltr'>eos</span> <span class='ocrx_word' id='word_1_110' title='bbox 298 1881 521 1959; x_wconf 82' lang='lat' dir='ltr'>sagacissime</span> <span class='ocrx_word' id='word_1_111' title='bbox 544 1882 603 1962; x_wconf 91' lang='lat' dir='ltr'>qui</span> <span class='ocrx_word' id='word_1_112' title='bbox 629 1883 767 1946; x_wconf 88' lang='lat' dir='ltr'>fuerunt</span> <span class='ocrx_word' id='word_1_113' title='bbox 784 1889 889 1945; x_wconf 89' lang='lat' dir='ltr'>testes</span> <span class='ocrx_word' id='word_1_114' title='bbox 913 1883 1003 1946; x_wconf 92' lang='lat' dir='ltr'>inter</span> <span class='ocrx_word' id='word_1_115' title='bbox 1024 1903 1101 1945; x_wconf 93' lang='lat' dir='ltr'>eum</span> <span class='ocrx_word' id='word_1_116' title='bbox 1124 1893 1159 1947; x_wconf 90' lang='lat' dir='ltr'>et</span> 
     </span>
     <span class='ocr_line' id='line_1_19' title="bbox 214 1976 1160 2062; baseline 0.007 -25"><span class='ocrx_word' id='word_1_117' title='bbox 214 1976 469 2053; x_wconf 85' lang='lat' dir='ltr'>Eadmundum,</span> <span class='ocrx_word' id='word_1_118' title='bbox 498 1981 636 2062; x_wconf 89' lang='lat' dir='ltr'>quando</span> <span class='ocrx_word' id='word_1_119' title='bbox 658 1981 916 2043; x_wconf 88' lang='lat' dir='ltr'>conventionem</span> <span class='ocrx_word' id='word_1_120' title='bbox 938 1982 1097 2044; x_wconf 87' lang='lat' dir='ltr'>amicitiae</span> <span class='ocrx_word' id='word_1_121' title='bbox 1124 1990 1160 2044; x_wconf 90' lang='lat' dir='ltr'>et</span> 
     </span>
     <span class='ocr_line' id='line_1_20' title="bbox 212 2075 1160 2157; baseline 0.003 -22"><span class='ocrx_word' id='word_1_122' title='bbox 212 2075 419 2137; x_wconf 88' lang='lat' dir='ltr'>divisionem</span> <span class='ocrx_word' id='word_1_123' title='bbox 443 2077 540 2155; x_wconf 84' lang='lat' dir='ltr'>regni</span> <span class='ocrx_word' id='word_1_124' title='bbox 564 2077 653 2139; x_wconf 91' lang='lat' dir='ltr'>inter</span> <span class='ocrx_word' id='word_1_125' title='bbox 679 2078 772 2157; x_wconf 88' lang='lat' dir='ltr'>ipsos</span> <span class='ocrx_word' id='word_1_126' title='bbox 796 2084 988 2154; x_wconf 84' lang='lat' dir='ltr'>gesserunt,</span> <span class='ocrx_word' id='word_1_127' title='bbox 1010 2077 1160 2157; x_wconf 82' lang='lat' dir='ltr'>qualiter</span> 
     </span>
     <span class='ocr_line' id='line_1_21' title="bbox 211 2172 1159 2255; baseline 0.006 -24"><span class='ocrx_word' id='word_1_128' title='bbox 211 2172 287 2251; x_wconf 91' lang='lat' dir='ltr'>ipse</span> <span class='ocrx_word' id='word_1_129' title='bbox 303 2181 339 2235; x_wconf 90' lang='lat' dir='ltr'>et</span> <span class='ocrx_word' id='word_1_130' title='bbox 358 2172 583 2234; x_wconf 90' lang='lat' dir='ltr'>Eadmundus</span> <span class='ocrx_word' id='word_1_131' title='bbox 606 2173 649 2235; x_wconf 93' lang='lat' dir='ltr'>de</span> <span class='ocrx_word' id='word_1_132' title='bbox 666 2172 827 2236; x_wconf 82' lang='lat' dir='ltr'>tratribus</span> <span class='ocrx_word' id='word_1_133' title='bbox 847 2179 883 2235; x_wconf 89' lang='lat' dir='ltr'>et</span> <span class='ocrx_word' id='word_1_134' title='bbox 905 2172 983 2235; x_wconf 87' lang='lat' dir='ltr'>filiis</span> <span class='ocrx_word' id='word_1_135' title='bbox 1005 2173 1159 2255; x_wconf 91' lang='lat' dir='ltr'>ejusdem</span> 
     </span>
     <span class='ocr_line' id='line_1_22' title="bbox 212 2259 1167 2334; baseline 0.005 -5"><span class='ocrx_word' id='word_1_136' title='bbox 212 2268 304 2331; x_wconf 90' lang='lat' dir='ltr'>inter</span> <span class='ocrx_word' id='word_1_137' title='bbox 316 2289 354 2331; x_wconf 92' lang='lat' dir='ltr'>se</span> <span class='ocrx_word' id='word_1_138' title='bbox 364 2270 472 2332; x_wconf 89' lang='lat' dir='ltr'>locuti</span> <span class='ocrx_word' id='word_1_139' title='bbox 487 2269 657 2333; x_wconf 68' lang='lat' dir='ltr'>fuissent?</span> <span class='ocrx_word' id='word_1_140' title='bbox 711 2270 834 2333; x_wconf 89' lang='lat' dir='ltr'>Utrum</span> <span class='ocrx_word' id='word_1_141' title='bbox 849 2269 1013 2333; x_wconf 86' lang='lat' dir='ltr'>fratribus</span> <span class='ocrx_word' id='word_1_142' title='bbox 1028 2279 1063 2334; x_wconf 90' lang='lat' dir='ltr'>et</span> <span class='ocrx_word' id='word_1_143' title='bbox 1079 2259 1167 2334; x_wconf 54' lang='lat' dir='ltr'>tiliisx</span> 
     </span>
     <span class='ocr_line' id='line_1_23' title="bbox 213 2365 1159 2448; baseline 0.004 -22"><span class='ocrx_word' id='word_1_144' title='bbox 213 2365 290 2447; x_wconf 91' lang='lat' dir='ltr'>ejus</span> <span class='ocrx_word' id='word_1_145' title='bbox 317 2365 439 2429; x_wconf 91' lang='lat' dir='ltr'>liceret</span> <span class='ocrx_word' id='word_1_146' title='bbox 466 2367 500 2429; x_wconf 93' lang='lat' dir='ltr'>in</span> <span class='ocrx_word' id='word_1_147' title='bbox 536 2387 644 2448; x_wconf 81' lang='lat' dir='ltr'>regno</span> <span class='ocrx_word' id='word_1_148' title='bbox 678 2366 949 2431; x_wconf 91' lang='lat' dir='ltr'>Occidentalium</span> <span class='ocrx_word' id='word_1_149' title='bbox 980 2368 1159 2431; x_wconf 83' lang='lat' dir='ltr'>Saxonum</span> 
     </span>
     <span class='ocr_line' id='line_1_24' title="bbox 120 2464 1158 2546; baseline 0.001 -20"><span class='ocrx_word' id='word_1_150' title='bbox 120 2533 128 2545; x_wconf 23' lang='lat' dir='ltr'>x</span> <span class='ocrx_word' id='word_1_151' title='bbox 212 2470 293 2543; x_wconf 92' lang='lat' dir='ltr'>post</span> <span class='ocrx_word' id='word_1_152' title='bbox 310 2471 444 2544; x_wconf 89' lang='lat' dir='ltr'>patrem</span> <span class='ocrx_word' id='word_1_153' title='bbox 461 2484 579 2527; x_wconf 90' lang='lat' dir='ltr'>eorum</span> <span class='ocrx_word' id='word_1_154' title='bbox 590 2484 743 2546; x_wconf 85' lang='lat' dir='ltr'>regnare,</span> <span class='ocrx_word' id='word_1_155' title='bbox 762 2465 792 2527; x_wconf 90' lang='lat' dir='ltr'>si</span> <span class='ocrx_word' id='word_1_156' title='bbox 809 2464 1031 2527; x_wconf 90' lang='lat' dir='ltr'>Eadmundus</span> <span class='ocrx_word' id='word_1_157' title='bbox 1048 2484 1158 2528; x_wconf 90' lang='lat' dir='ltr'>more·</span> 
     </span>
     <span class='ocr_line' id='line_1_25' title="bbox 212 2550 1159 2640; baseline 0.002 -18"><span class='ocrx_word' id='word_1_158' title='bbox 212 2567 309 2623; x_wconf 89' lang='lat' dir='ltr'>retur</span> <span class='ocrx_word' id='word_1_159' title='bbox 330 2562 470 2624; x_wconf 83' lang='lat' dir='ltr'>vivente</span> <span class='ocrx_word' id='word_1_160' title='bbox 487 2561 569 2625; x_wconf 80' lang='lat' dir='ltr'>illol</span> <span class='ocrx_word' id='word_1_161' title='bbox 619 2562 670 2625; x_wconf 89' lang='lat' dir='ltr'>At</span> <span class='ocrx_word' id='word_1_162' title='bbox 694 2562 745 2625; x_wconf 93' lang='lat' dir='ltr'>illi</span> <span class='ocrx_word' id='word_1_163' title='bbox 771 2568 949 2640; x_wconf 88' lang='lat' dir='ltr'>coeperunt</span> <span class='ocrx_word' id='word_1_164' title='bbox 975 2550 1098 2636; x_wconf 84' lang='lat' dir='ltr'>dicere,</span> <span class='ocrx_word' id='word_1_165' title='bbox 1121 2581 1159 2624; x_wconf 87' lang='lat' dir='ltr'>se</span> 
     </span>
     <span class='ocr_line' id='line_1_26' title="bbox 212 2657 1158 2741; baseline 0.001 -22"><span class='ocrx_word' id='word_1_166' title='bbox 212 2658 441 2739; x_wconf 89' lang='lat' dir='ltr'>proculdubio</span> <span class='ocrx_word' id='word_1_167' title='bbox 458 2661 546 2721; x_wconf 87' lang='lat' dir='ltr'>scire</span> <span class='ocrx_word' id='word_1_168' title='bbox 561 2660 653 2741; x_wconf 93' lang='lat' dir='ltr'>quod</span> <span class='ocrx_word' id='word_1_169' title='bbox 675 2677 738 2721; x_wconf 86' lang='lat' dir='ltr'>rex</span> <span class='ocrx_word' id='word_1_170' title='bbox 760 2657 983 2721; x_wconf 86' lang='lat' dir='ltr'>Eadmundus</span> <span class='ocrx_word' id='word_1_171' title='bbox 995 2658 1158 2721; x_wconf 84' lang='lat' dir='ltr'>fratribus</span> 
     </span>
     <span class='ocr_line' id='line_1_27' title="bbox 211 2755 1158 2837; baseline 0.003 -21"><span class='ocrx_word' id='word_1_172' title='bbox 211 2755 284 2817; x_wconf 91' lang='lat' dir='ltr'>suis</span> <span class='ocrx_word' id='word_1_173' title='bbox 304 2755 433 2818; x_wconf 92' lang='lat' dir='ltr'>nullam</span> <span class='ocrx_word' id='word_1_174' title='bbox 456 2757 649 2837; x_wconf 91' lang='lat' dir='ltr'>portionem</span> <span class='ocrx_word' id='word_1_175' title='bbox 674 2756 769 2837; x_wconf 85' lang='lat' dir='ltr'>regni</span> <span class='ocrx_word' id='word_1_176' title='bbox 792 2755 857 2831; x_wconf 88' lang='lat' dir='ltr'>sni,</span> <span class='ocrx_word' id='word_1_177' title='bbox 874 2774 937 2818; x_wconf 90' lang='lat' dir='ltr'>nec</span> <span class='ocrx_word' id='word_1_178' title='bbox 954 2775 991 2818; x_wconf 91' lang='lat' dir='ltr'>se</span> <span class='ocrx_word' id='word_1_179' title='bbox 1006 2756 1158 2836; x_wconf 88' lang='lat' dir='ltr'>spirante</span> 
     </span>
     <span class='ocr_line' id='line_1_28' title="bbox 212 2851 1158 2933; baseline 0.001 -19"><span class='ocrx_word' id='word_1_180' title='bbox 212 2872 324 2933; x_wconf 91' lang='lat' dir='ltr'>neque</span> <span class='ocrx_word' id='word_1_181' title='bbox 339 2854 519 2930; x_wconf 88' lang='lat' dir='ltr'>moriente,</span> <span class='ocrx_word' id='word_1_182' title='bbox 534 2855 827 2926; x_wconf 83' lang='lat' dir='ltr'>commendasset3</span> <span class='ocrx_word' id='word_1_183' title='bbox 852 2852 1079 2932; x_wconf 79' lang='lat' dir='ltr'>dixeruntque</span> <span class='ocrx_word' id='word_1_184' title='bbox 1093 2851 1158 2915; x_wconf 92' lang='lat' dir='ltr'>hoc</span> 
     </span>
     <span class='ocr_line' id='line_1_29' title="bbox 211 2949 1170 3031; baseline 0 -20"><span class='ocrx_word' id='word_1_185' title='bbox 211 2969 250 3012; x_wconf 91' lang='lat' dir='ltr'>se</span> <span class='ocrx_word' id='word_1_186' title='bbox 267 2969 382 3026; x_wconf 90' lang='lat' dir='ltr'>nosse,</span> <span class='ocrx_word' id='word_1_187' title='bbox 401 2951 641 3014; x_wconf 90' lang='lat' dir='ltr'>Eadmundum</span> <span class='ocrx_word' id='word_1_188' title='bbox 664 2971 777 3031; x_wconf 87' lang='lat' dir='ltr'>regem</span> <span class='ocrx_word' id='word_1_189' title='bbox 800 2949 889 3012; x_wconf 88' lang='lat' dir='ltr'>velle</span> <span class='ocrx_word' id='word_1_190' title='bbox 905 2950 1078 3012; x_wconf 87' lang='lat' dir='ltr'>Canutum</span> <span class='ocrx_word' id='word_1_191' title='bbox 1097 2950 1170 3011; x_wconf 66' lang='lat' dir='ltr'>ad-</span> 
     </span>
     <span class='ocr_line' id='line_1_30' title="bbox 208 3045 1159 3128; baseline 0 -20"><span class='ocrx_word' id='word_1_192' title='bbox 208 3047 361 3128; x_wconf 87' lang='lat' dir='ltr'>jutorem</span> <span class='ocrx_word' id='word_1_193' title='bbox 386 3056 421 3111; x_wconf 90' lang='lat' dir='ltr'>et</span> <span class='ocrx_word' id='word_1_194' title='bbox 447 3056 673 3128; x_wconf 85' lang='lat' dir='ltr'>protectorem</span> <span class='ocrx_word' id='word_1_195' title='bbox 694 3067 767 3111; x_wconf 89' lang='lat' dir='ltr'>esse</span> <span class='ocrx_word' id='word_1_196' title='bbox 784 3047 932 3109; x_wconf 85' lang='lat' dir='ltr'>filiorum</span> <span class='ocrx_word' id='word_1_197' title='bbox 948 3045 1034 3127; x_wconf 88' lang='lat' dir='ltr'>ejus,</span> <span class='ocrx_word' id='word_1_198' title='bbox 1051 3046 1159 3108; x_wconf 92' lang='lat' dir='ltr'>donec</span> 
     </span>
     <span class='ocr_line' id='line_1_31' title="bbox 213 3142 1159 3223; baseline 0.001 -18"><span class='ocrx_word' id='word_1_199' title='bbox 213 3145 379 3223; x_wconf 82' lang='lat' dir='ltr'>regnandi</span> <span class='ocrx_word' id='word_1_200' title='bbox 413 3152 552 3208; x_wconf 86' lang='lat' dir='ltr'>aetatem</span> <span class='ocrx_word' id='word_1_201' title='bbox 580 3146 792 3209; x_wconf 86' lang='lat' dir='ltr'>habuissent.</span> <span class='ocrx_word' id='word_1_202' title='bbox 844 3143 974 3206; x_wconf 90' lang='lat' dir='ltr'>Verum</span> <span class='ocrx_word' id='word_1_203' title='bbox 1013 3142 1075 3218; x_wconf 89' lang='lat' dir='ltr'>illi,</span> <span class='ocrx_word' id='word_1_204' title='bbox 1107 3151 1159 3206; x_wconf 90' lang='lat' dir='ltr'>te·</span> 
     </span>
     <span class='ocr_line' id='line_1_32' title="bbox 213 3240 1161 3324; baseline 0 -22"><span class='ocrx_word' id='word_1_205' title='bbox 213 3242 436 3316; x_wconf 88' lang='lat' dir='ltr'>stanteDeo,</span> <span class='ocrx_word' id='word_1_206' title='bbox 454 3241 579 3304; x_wconf 87' lang='lat' dir='ltr'>falsum</span> <span class='ocrx_word' id='word_1_207' title='bbox 594 3243 840 3324; x_wconf 89' lang='lat' dir='ltr'>perhibuerunt</span> <span class='ocrx_word' id='word_1_208' title='bbox 856 3240 1100 3313; x_wconf 89' lang='lat' dir='ltr'>testimonium,</span> <span class='ocrx_word' id='word_1_209' title='bbox 1125 3247 1161 3302; x_wconf 92' lang='lat' dir='ltr'>et</span> 
     </span>
     <span class='ocr_line' id='line_1_33' title="bbox 213 3336 1162 3414; baseline -0.002 -15"><span class='ocrx_word' id='word_1_210' title='bbox 213 3338 452 3401; x_wconf 83' lang='lat' dir='ltr'>fraudulenter·</span> <span class='ocrx_word' id='word_1_211' title='bbox 468 3340 605 3402; x_wconf 90' lang='lat' dir='ltr'>mentiti</span> <span class='ocrx_word' id='word_1_212' title='bbox 620 3348 713 3414; x_wconf 92' lang='lat' dir='ltr'>sunt,</span> <span class='ocrx_word' id='word_1_213' title='bbox 731 3339 970 3401; x_wconf 87' lang='lat' dir='ltr'>existimantes</span> <span class='ocrx_word' id='word_1_214' title='bbox 985 3336 1080 3398; x_wconf 91' lang='lat' dir='ltr'>illum</span> <span class='ocrx_word' id='word_1_215' title='bbox 1096 3337 1162 3398; x_wconf 91' lang='lat' dir='ltr'>sibi</span> 
     </span>
     <span class='ocr_line' id='line_1_34' title="bbox 213 3434 1163 3518; baseline 0 -22"><span class='ocrx_word' id='word_1_216' title='bbox 213 3444 248 3497; x_wconf 90' lang='lat' dir='ltr'>et</span> <span class='ocrx_word' id='word_1_217' title='bbox 271 3435 442 3499; x_wconf 91' lang='lat' dir='ltr'>mitiorem</span> <span class='ocrx_word' id='word_1_218' title='bbox 466 3455 541 3500; x_wconf 92' lang='lat' dir='ltr'>esse</span> <span class='ocrx_word' id='word_1_219' title='bbox 565 3445 707 3518; x_wconf 90' lang='lat' dir='ltr'>propter</span> <span class='ocrx_word' id='word_1_220' title='bbox 729 3434 940 3497; x_wconf 90' lang='lat' dir='ltr'>mendacium</span> <span class='ocrx_word' id='word_1_221' title='bbox 970 3453 1100 3507; x_wconf 90' lang='lat' dir='ltr'>eorum,</span> <span class='ocrx_word' id='word_1_222' title='bbox 1127 3441 1163 3496; x_wconf 91' lang='lat' dir='ltr'>et</span> 
     </span>
     <span class='ocr_line' id='line_1_35' title="bbox 213 3531 1162 3613; baseline -0.001 -19"><span class='ocrx_word' id='word_1_223' title='bbox 213 3551 250 3595; x_wconf 90' lang='lat' dir='ltr'>se</span> <span class='ocrx_word' id='word_1_224' title='bbox 274 3535 317 3594; x_wconf 92' lang='lat' dir='ltr'>ab</span> <span class='ocrx_word' id='word_1_225' title='bbox 341 3553 382 3596; x_wconf 94' lang='lat' dir='ltr'>eo</span> <span class='ocrx_word' id='word_1_226' title='bbox 406 3534 553 3613; x_wconf 86' lang='lat' dir='ltr'>pretium</span> <span class='ocrx_word' id='word_1_227' title='bbox 586 3553 719 3596; x_wconf 88' lang='lat' dir='ltr'>sumere</span> <span class='ocrx_word' id='word_1_228' title='bbox 739 3549 913 3613; x_wconf 84' lang='lat' dir='ltr'>magnum.</span> <span class='ocrx_word' id='word_1_229' title='bbox 966 3531 1020 3593; x_wconf 87' lang='lat' dir='ltr'>Ex</span> <span class='ocrx_word' id='word_1_230' title='bbox 1039 3532 1162 3612; x_wconf 92' lang='lat' dir='ltr'>quibus</span> 
     </span>
     <span class='ocr_line' id='line_1_36' title="bbox 213 3629 1163 3712; baseline -0.001 -22"><span class='ocrx_word' id='word_1_231' title='bbox 213 3629 310 3692; x_wconf 90' lang='lat' dir='ltr'>falsis</span> <span class='ocrx_word' id='word_1_232' title='bbox 330 3631 477 3692; x_wconf 88' lang='lat' dir='ltr'>testibus</span> <span class='ocrx_word' id='word_1_233' title='bbox 500 3630 652 3710; x_wconf 88' lang='lat' dir='ltr'>quidam,</span> <span class='ocrx_word' id='word_1_234' title='bbox 670 3650 736 3693; x_wconf 93' lang='lat' dir='ltr'>non</span> <span class='ocrx_word' id='word_1_235' title='bbox 756 3638 835 3712; x_wconf 89' lang='lat' dir='ltr'>post</span> <span class='ocrx_word' id='word_1_236' title='bbox 852 3629 998 3690; x_wconf 91' lang='lat' dir='ltr'>multum</span> <span class='ocrx_word' id='word_1_237' title='bbox 1016 3637 1163 3708; x_wconf 87' lang='lat' dir='ltr'>tempus,</span> 
     </span>
     <span class='ocr_line' id='line_1_37' title="bbox 213 3724 1164 3806; baseline -0.003 -17"><span class='ocrx_word' id='word_1_238' title='bbox 213 3728 257 3789; x_wconf 89' lang='lat' dir='ltr'>ab</span> <span class='ocrx_word' id='word_1_239' title='bbox 277 3726 398 3789; x_wconf 91' lang='lat' dir='ltr'>eodem</span> <span class='ocrx_word' id='word_1_240' title='bbox 415 3745 496 3806; x_wconf 81' lang='lat' dir='ltr'>rege</span> <span class='ocrx_word' id='word_1_241' title='bbox 512 3735 593 3788; x_wconf 93' lang='lat' dir='ltr'>sunt</span> <span class='ocrx_word' id='word_1_242' title='bbox 610 3728 791 3790; x_wconf 88' lang='lat' dir='ltr'>interfecti.</span> <span class='ocrx_word' id='word_1_243' title='bbox 836 3725 936 3787; x_wconf 89' lang='lat' dir='ltr'>Tunc</span> <span class='ocrx_word' id='word_1_244' title='bbox 961 3744 1020 3786; x_wconf 80' lang='lat' dir='ltr'>rex</span> <span class='ocrx_word' id='word_1_245' title='bbox 1047 3724 1164 3787; x_wconf 82' lang='lat' dir='ltr'>Canu·</span> 
     </span>
    </p>
   </div>
   <div class='ocr_carea' id='block_1_7' title="bbox 211 3915 1165 4005">
    <p class='ocr_par' dir='ltr' id='par_1_9' title="bbox 211 3915 1165 4005">
     <span class='ocr_line' id='line_1_38' title="bbox 211 3915 1165 4005; baseline 0.015 -28"><span class='ocrx_word' id='word_1_246' title='bbox 211 3917 346 3968; x_wconf 62' lang='lat' dir='ltr'>‘Canuw&#39;</span> <span class='ocrx_word' id='word_1_247' title='bbox 366 3918 388 3964; x_wconf 59' lang='lat'>5⁸</span> <span class='ocrx_word' id='word_1_248' title='bbox 406 3917 507 3962; x_wconf 59' lang='lat' dir='ltr'>written</span> <span class='ocrx_word' id='word_1_249' title='bbox 531 3916 556 3962; x_wconf 67' lang='lat' dir='ltr'>in</span> <span class='ocrx_word' id='word_1_250' title='bbox 578 3930 595 3962; x_wconf 75' lang='lat'>¹²</span> <span class='ocrx_word' id='word_1_251' title='bbox 616 3915 679 3962; x_wconf 55' lang='lat' dir='ltr'>later</span> <span class='ocrx_word' id='word_1_252' title='bbox 738 3944 745 3976; x_wconf 95' lang='lat'>¹</span> <span class='ocrx_word' id='word_1_253' title='bbox 763 3949 824 3995; x_wconf 87' lang='lat' dir='ltr'>Sax.</span> <span class='ocrx_word' id='word_1_254' title='bbox 836 3943 1042 4005; x_wconf 72' lang='lat' dir='ltr'>Cbron.„thougli</span> <span class='ocrx_word' id='word_1_255' title='bbox 1055 3945 1105 3993; x_wconf 86' lang='lat' dir='ltr'>less</span> <span class='ocrx_word' id='word_1_256' title='bbox 1116 3946 1165 3992; x_wconf 89' lang='lat' dir='ltr'>cir-</span> 
     </span>
    </p>
   </div>
   <div class='ocr_carea' id='block_1_8' title="bbox 211 3983 679 4036">
    <p class='ocr_par' dir='ltr' id='par_1_10' title="bbox 211 3983 679 4036">
     <span class='ocr_line' id='line_1_39' title="bbox 211 3983 679 4036; baseline -0.015 1"><span class='ocrx_word' id='word_1_257' title='bbox 211 3989 289 4036; x_wconf 89' lang='lat' dir='ltr'>haud.</span> <span class='ocrx_word' id='word_1_258' title='bbox 306 3986 361 4033; x_wconf 82' lang='lat' dir='ltr'>Tire</span> <span class='ocrx_word' id='word_1_259' title='bbox 370 3984 454 4032; x_wconf 85' lang='lat' dir='ltr'>words</span> <span class='ocrx_word' id='word_1_260' title='bbox 462 3983 550 4031; x_wconf 87' lang='lat' dir='ltr'>within</span> <span class='ocrx_word' id='word_1_261' title='bbox 563 3983 679 4031; x_wconf 84' lang='lat' dir='ltr'>brackets</span> 
     </span>
    </p>
   </div>
   <div class='ocr_carea' id='block_1_9' title="bbox 212 4015 909 4116">
    <p class='ocr_par' dir='ltr' id='par_1_11' title="bbox 212 4015 909 4116">
     <span class='ocr_line' id='line_1_40' title="bbox 212 4015 909 4116; baseline -0.036 -10"><span class='ocrx_word' id='word_1_262' title='bbox 212 4073 256 4105; x_wconf 89' lang='lat' dir='ltr'>are</span> <span class='ocrx_word' id='word_1_263' title='bbox 268 4053 388 4116; x_wconf 88' lang='lat' dir='ltr'>supplied</span> <span class='ocrx_word' id='word_1_264' title='bbox 399 4053 462 4100; x_wconf 79' lang='lat' dir='ltr'>from</span> <span class='ocrx_word' id='word_1_265' title='bbox 475 4053 506 4102; x_wconf 86' lang='lat' dir='ltr'>R.</span> <span class='ocrx_word' id='word_1_266' title='bbox 513 4053 663 4101; x_wconf 80' lang='lat' dir='ltr'>wendover.</span> <span class='ocrx_word' id='word_1_267' title='bbox 704 4015 909 4074; x_wconf 61' lang='lat' dir='ltr'>⁰⁰¹¹¹⁸t⁸¹¹ti³¹¹y·=</span> 
     </span>
    </p>
   </div>
   <div class='ocr_carea' id='block_1_10' title="bbox 1002 4145 1044 4188">
    <p class='ocr_par' dir='ltr' id='par_1_12' title="bbox 1002 4145 1044 4188">
     <span class='ocr_line' id='line_1_41' title="bbox 1002 4145 1044 4188; baseline -0.024 0"><span class='ocrx_word' id='word_1_268' title='bbox 1002 4145 1044 4188; x_wconf 65' lang='lat' dir='ltr'>ui</span> 
     </span>
    </p>
   </div>
   <div class='ocr_carea' id='block_1_11' title="bbox 0 0 1554 4770">
    <p class='ocr_par' dir='ltr' id='par_1_13' title="bbox 0 0 1554 4770">
     <span class='ocr_line' id='line_1_42' title="bbox 0 0 1554 4770; baseline 0 0"><span class='ocrx_word' id='word_1_269' title='bbox 0 0 1554 4770; x_wconf 95' lang='lat' dir='ltr'> </span> 
     </span>
    </p>
   </div>
  </div>
 </body>
</html>
