3098 4770
444 318 633 365 rnonsnvn
661 316 936 365 wroonmmvsts.
1104 303 1170 366 207

222 470 448 551 imponentes,
471 493 617 554 eamque
649 474 782 537 citatim
810 473 1090 550 conscendentes,
1125 477 1168 538 ad

224 568 487 633 Flandrensium
516 573 673 635 comitem
706 571 922 635 Baldwinum
953 591 1092 635 cursum
1117 574 1169 636 di·

221 676 397 730 rexerunt.
450 669 559 732 Porro
587 668 765 732 Haroldus
793 677 828 733 et
861 668 1072 744 LcofwinuS,
1108 672 1170 733 filii

223 765 312 845 ejus,
326 766 589 846 Brycgstowam
604 768 782 840 adeuntes,
795 787 929 842 navem,
943 786 1047 847 quam
1062 768 1171 832 frater

220 861 359 925 illorum
390 864 526 927 Suanus
560 866 624 928 sibi
653 875 852 946 paraverat,
882 866 1169 942 conscenderunt,

222 961 309 1021 etin
328 960 532 1025 Hiberniam
550 964 739 1026 transvecti
752 970 844 1025 sunt.
897 962 1069 1042 Reginam
1087 983 1168 1027 vero
1180 983 1255 1024 ouen
1266 982 1321 1022 sra-

1179 1032 1232 1079 gym
1241 1041 1298 1071 corn·

222 1056 409 1136 Edgitham
444 1080 517 1135 rex,
554 1067 695 1141 propter
731 1062 817 1123 iram
859 1079 964 1140 quam
1000 1061 1293 1168 adversusffissffi

221 1164 356 1235 patrem
370 1176 471 1220 suum
488 1157 696 1222 Godwinum
712 1159 892 1233 habuerat,
909 1158 1116 1240 repudiavit,
1133 1167 1168 1222 et
1179 1181 1253 1227 nm.

222 1272 300 1315 cum
318 1274 387 1318 una
409 1256 613 1337 pedissequa
630 1258 673 1319 ad
697 1257 986 1320 vaereweallam
1002 1277 1077 1319 eam
1094 1259 1168 1320 sine

222 1350 352 1416 honore
379 1355 483 1428 misit,
504 1362 538 1416 et
564 1353 761 1417 abbatissae¹
788 1354 1047 1417 custodiendam
1075 1373 1168 1416 corn-

221 1451 407 1515 mendavit.
459 1451 526 1514 His
543 1453 649 1532 gestis
668 1451 1061 1516 Nortmannicuscomes
1076 1451 1167 1515 Wil·
1179 1468 1298 1508 annuos

221 1547 344 1611 lelmus
363 1569 440 1612 cum
455 1551 674 1614 multitudine
689 1550 984 1614 Nortmannorum
1001 1549 1165 1629 Angliam
1178 1518 1331 1653 puppo&-

223 1648 328 1721 venit,
355 1666 457 1727 quem
484 1667 546 1710 rex
571 1648 784 1711 Eadwnrdus
808 1656 843 1711 et
867 1649 978 1710 socios
1004 1647 1079 1727 ejus
1105 1627 1229 1710 ho-¹¹¹²¹¹
1245 1627 1264 1663 γ’

221 1742 360 1805 norifice
382 1744 545 1824 suscepit,
571 1752 607 1806 et
630 1746 764 1825 magnis
789 1744 975 1824 multisque
1000 1743 1165 1806 donatum

221 1842 419 1904 muneribus
450 1842 492 1904 ad
525 1841 792 1906 Nortmanniam
818 1839 975 1905 remisit.2
1034 1841 1165 1904 Eodem
1178 1858 1272 1898 vinnm

221 1957 313 2001 anno
333 1939 529 2003 Willelmus
551 1942 642 2021 regis
666 1940 865 2020 capellanus
888 1939 1166 2003 Lundoniensem
1177 1909 1324 1997 miii&

221 2037 473 2118 episcopatum,
489 2038 549 2118 qui
566 2038 820 2118 Spearheafoco
842 2038 939 2118 prius
962 2037 1066 2099 datus
1091 2037 1166 2100 fue·

221 2142 288 2210 rat,
304 2133 483 2215 suscepit.³

271 2231 454 2294 Marianus
483 2231 766 2313 chronographus
813 2232 966 2294 seculum
1011 2230 1162 2311 reliquit.
1189 2247 1319 2287 tin-¹⁰⁵²·

220 2328 377 2408 AElfgiva
416 2330 537 2405 Imme,
574 2329 703 2412 conjux
746 2348 866 2408 regum
903 2329 1080 2410 AEgelredi
1129 2336 1165 2391 et
1177 2312 1248 2399 ⁰523
1257 2313 1282 2351 ⁰¹

220 2425 360 2502 Canuti,
393 2443 431 2490 11.
460 2447 569 2491 nonas
600 2427 722 2490 Martii
756 2426 794 2508 [6
823 2426 946 2507 Mar.],
976 2425 1164 2490 Wintoniae
1196 2419 1263 2448 Μ’·

219 2525 316 2601 obiit,
339 2532 375 2588 et
395 2526 444 2589 ihi
465 2525 601 2607 sepulta
623 2523 703 2588 est.⁴
753 2524 883 2588 Eodem
906 2518 997 2587 anno
1019 2521 1164 2586 Waien-
1177 2537 1315 2586 annuunt

1177 2587 1278 2626 ofwnies

217 2623 308 2684 sium
324 2644 385 2686 rex
404 2622 567 2687 Griffinns
576 2641 740 2704 magnam
754 2629 887 2704 partem
897 2621 1163 2684 Heresordensis
1177 2636 1299 2676 devastate·

1177 2685 1293 2725 nereford·

217 2722 407 2800 provinciae
441 2720 672 2802 depopulatus
687 2728 759 2799 est3
792 2727 914 2783 contra
942 2738 1045 2800 quem
1083 2735 1243 2798 pro-ntro·

220 2818 385 2881 vinciaies
410 2819 473 2895 illi,
498 2828 533 2883 et
560 2819 603 2881 de
630 2818 774 2894 castello
805 2816 1026 2898 quamplures
1053 2815 1166 2879 Nort-

217 2918 335 2979 manni
362 2917 608 2993 ascenderunt3
635 2917 695 2978 sed
720 2915 838 2978 multis
860 2914 1002 2978 exiliis
1028 2914 1165 2989 occisis,

217 3013 274 3076 ille
288 3015 469 3078 victoriam
484 3013 617 3088 hahuit,
633 3021 670 3077 et
684 3032 800 3076 secum
822 3012 975 3092 proedam
1000 3029 1166 3090 magnam

216 3112 376 3176 abduxit.
429 3111 517 3175 Haec
534 3129 653 3192 pugna
675 3111 769 3173 sacta
789 3119 843 3172 est
867 3109 986 3172 eodem
1005 3108 1072 3183 die,
1095 3127 1165 3188 quo

216 3217 297 3272 ante
323 3226 407 3272 xlii.
432 3228 552 3285 annos,
570 3209 710 3272 fratrem
738 3208 872 3271 comitis
902 3205 1050 3269 Leofrici
1072 3205 1166 3268 Ead-

216 3309 345 3370 winum
385 3307 567 3371 Walenses
609 3327 671 3388 per
690 3339 691 3342 ¹
709 3306 853 3369 insidias
896 3301 1166 3366 interfecerunt.³
1192 3381 1205 3392 ,-

250 3459 429 3527 ¹Abbntiseoe.]
448 3465 497 3514 She
508 3479 562 3513 was
575 3479 591 3513 a
602 3465 677 3513 sister
703 3463 826 3512 successit
846 3460 970 3509 Ordricus
992 3461 1106 3521 ejusdem
1125 3474 1167 3509 ec-

213 3532 242 3580 oi
250 3531 292 3579 the
304 3531 374 3594 king.
680 3532 787 3594 ‚clesiae
799 3529 946 3578 monachus.
982 3530 1075 3577 hadri.
1112 3529 1166 3577 The

248 3601 336 3650 'Sam
350 3601 442 3650 Chron.
454 3603 538 3651 where
554 3608 605 3650 two
620 3617 677 3650 nar·
703 3601 836 3651 Chronicle
854 3595 892 3664 (a.
914 3596 989 3662 1051)
1010 3603 1089 3645 states
1111 3597 1167 3645 that

213 3670 306 3716 ratives
321 3670 350 3717 os
362 3669 403 3717 the
422 3671 475 3730 iray
487 3672 549 3718 with
566 3671 676 3719 Eustace
703 3668 855 3730 Spearhasoc
870 3680 925 3714 was
941 3666 1062 3726 deprived
1079 3664 1108 3712 oi
1126 3663 1167 3713 his

212 3738 263 3785 and
280 3738 313 3784 its
329 3752 513 3798 consequences
531 3753 574 3786 are
591 3740 676 3800 given,
702 3737 840 3796 bishoprie,
868 3734 919 3781 and
948 3747 1026 3781 never
1048 3733 1167 3780 received

213 3807 294 3854 under
305 3806 347 3855 dre
358 3820 432 3866 years
445 3810 507 3855 1⁰4³
517 3808 567 3855 and
581 3811 652 3855 1⁰³2.
702 3805 882 3862 consecration,
890 3801 985 3863 which,
993 3802 1027 3861 by
1034 3802 1167 3849 command

248 3872 336 3923 ³Sax.
358 3874 449 3924 Chron.
470 3889 493 3924 a.
513 3879 586 3924 1052.
624 3876 674 3923 Ro·
703 3875 731 3923 of
748 3874 789 3920 the
810 3887 885 3932 pope,
902 3870 1054 3931 archbishop
1072 3871 1167 3918 Rohert

213 3943 301 3990 dulsos
321 3945 456 4003 episcopus
475 3950 500 3992 et
523 3945 602 3991 abbas
620 3945 675 3991 Ab·
703 3942 803 3992 refused
816 3947 840 3988 to
852 3940 970 4000 perform.

213 4013 390 4061 bendoniensis
409 4013 524 4061 ecclesias
544 4014 616 4073 obiit,
632 4013 674 4061 cui
737 4014 746 4042 ⁴
763 4011 823 4060 Sar.
838 4009 930 4059 Chron.
