3098 4770
432 299 623 346 anonuuru
652 298 938 359 wmonuurusrs,
1097 285 1164 347 105

211 455 356 516 fideliter
382 474 418 517 se
442 456 600 518 daturum
619 457 815 538 spopondit,
840 457 932 538 quod
949 455 1071 519 mentis
1089 455 1164 517 ala·

212 555 334 615 oritate
369 555 540 635 sapienter
574 553 761 637 adimplere
790 555 933 618 studuit.
991 554 1164 634 Denique,

211 651 355 715 consilio
371 651 533 715 divinitus
555 654 709 727 invento,
727 655 877 716 omnium
895 652 1166 734 uniuscnjusque

213 750 293 810 anni
319 770 482 813 censuum
512 770 706 813 successum
730 752 852 815 bifarie
879 752 1037 833 primitus
1065 751 1165 811 mini-

213 853 304 910 stros
319 867 400 911 suos
414 848 563 912 dividere
582 849 707 930 aequali
733 850 833 912 lance
849 850 1042 930 imperavit.
1096 847 1165 910 His

213 946 264 1008 ita
286 945 416 1023 divisis,
438 955 568 1028 partem
587 949 732 1028 primam
759 948 794 1008 in
821 953 891 1008 tres
920 947 1093 1027 portiones
1111 965 1165 1008 se·

215 1046 385 1123 questrari
398 1047 571 1125 praecepit,
584 1063 729 1126 quarum
741 1042 900 1124 primaml
916 1044 987 1106 suis
1002 1043 1167 1105 ministris

215 1143 397 1218 nobilibus,
422 1143 532 1224 quiin
557 1143 652 1205 cultu
682 1144 777 1224 regio
805 1143 954 1206 vicissim
976 1160 1167 1205 commora-

216 1241 341 1302 bantur
368 1243 403 1304 in
429 1243 584 1322 pluribus
611 1243 846 1303 ministrantes
871 1240 1080 1314 ministeriis,
1105 1259 1166 1300 an-

216 1339 364 1401 nualiter
378 1341 607 1419 largiebatur:
632 1340 665 1401 in
682 1340 791 1400 tribus
807 1357 956 1419 namque
969 1338 1168 1401 cohortibus

216 1437 350 1518 praefati
373 1439 462 1519 regis
486 1438 654 1502 satellites
678 1437 945 1519 prudentissime
968 1435 1167 1499 divideban-

218 1542 285 1609 tur,
305 1536 390 1599 adeo
413 1544 451 1600 ut
478 1540 589 1618 prima
615 1537 736 1599 cohors
765 1556 833 1598 uno
856 1555 973 1598 mense
995 1537 1029 1597 in
1053 1533 1167 1597 cultu‘³

216 1635 311 1712 regio
327 1633 381 1695 die
411 1643 582 1715 noctuque
607 1634 851 1696 administrans
878 1640 1166 1709 commoraretur3

216 1751 400 1813 menseque
416 1732 522 1809 finito,
538 1739 572 1794 et
588 1732 657 1794 alia
672 1731 811 1794 cohorte
827 1730 1039 1805 adveniente,
1056 1731 1168 1811 prima

217 1831 355 1895 domum
372 1831 513 1907 redibat,
529 1837 563 1894 et
578 1831 624 1893 ibi
646 1829 794 1913 propriis
813 1829 890 1912 quis
906 1829 1168 1892 necessitatibus

216 1931 371 2005 studens,
400 1929 532 1992 dnobus
561 1930 840 1992 commorabatur
871 1929 1056 1991 mensibus.
1109 1926 1168 1989 Se-

219 2028 331 2091 cunda
352 2029 469 2108 itaque
493 2027 628 2102 cohors,
645 2046 760 2088 mense
787 2034 941 2108 peracto,
965 2025 1170 2088 adveniente

216 2127 330 2202 tertia,
358 2125 492 2188 domum
523 2125 668 2200 redibat,
683 2131 723 2186 ut
746 2123 795 2185 ibi
819 2122 954 2186 duobus
978 2141 1168 2186 commora-

217 2230 313 2285 retur
334 2224 527 2298 mensibus;
552 2224 671 2285 sedet
696 2221 767 2297 illa,
792 2221 888 2285 finito
912 2222 1014 2283 unius
1041 2221 1168 2282 mensis

216 2321 416 2395 ministerio,
440 2328 474 2383 et
491 2321 696 2383 adveniente
712 2319 825 2401 prima
849 2318 1002 2395 cohorte,
1028 2319 1167 2381 domum

136 2415 138 2423 '
218 2419 362 2494 redibat,
388 2417 510 2480 ibidem
539 2418 674 2481 duobus
700 2424 955 2481 commoratura
981 2417 1168 2478 mensibus.

220 2517 300 2580 Hoc
317 2516 433 2579 ordine
448 2516 540 2578 omni
554 2516 636 2578 vitae
663 2505 735 2577 snae
759 2521 914 2594 tempore
928 2514 1049 2577 talium
1064 2513 1168 2576 vicis·

215 2615 402 2699 situdinum
427 2615 462 2676 in
483 2614 592 2696 regali
607 2610 725 2675 cultu⁹
741 2613 922 2676 rotabatur
947 2610 1168 2675 administra·

218 2714 277 2775 tio.
332 2711 522 2775 Secundam
546 2730 628 2775 vero
646 2718 779 2792 partem
808 2711 1058 2790 operatoribus,
1081 2727 1170 2790 quos

220 2830 262 2874 ex
289 2810 405 2873 multis
428 2809 589 2890 gentibus
613 2809 777 2871 collectos
791 2808 849 2869 vel
870 2808 975 2870 etiam
990 2825 1170 2886 compara-

220 2917 274 2972 tos
289 2907 534 2990 propemodum
556 2905 822 2969 innumerabiles
845 2905 1007 2980 habebat,
1022 2905 1058 2966 iu
1076 2903 1172 2966 omni

220 3014 355 3069 terreno
389 2993 532 3068 aedificio
564 3004 721 3067 edoctos¹
777 3002 933 3065 Tertiam
962 3009 1078 3064 autem
1111 3001 1173 3062 ad-

221 3105 316 3166 venis
338 3123 381 3166 ex
404 3103 497 3166 omni
523 3111 625 3183 gente
651 3102 693 3163 ad
721 3121 799 3164 eum
815 3102 1044 3175 venientibus
1068 3099 1172 3178 longo

221 3221 394 3284 propeque
410 3199 544 3282 positis,
560 3206 596 3261 et
611 3200 792 3280 pecuniam
807 3200 850 3261 ab
866 3199 927 3260 illo
942 3198 1172 3278 exigentibus,

222 3301 325 3362 etiam
350 3307 384 3362 et
403 3319 470 3361 non
493 3298 727 3378 exigentibus,
750 3297 899 3358 mirabili
919 3295 1174 3377 dispensatione

221 3398 375 3459 hilariter
396 3395 626 3478 impendebat.
679 3394 871 3457 Secundam
901 3400 1016 3456 autem
1040 3399 1174 3473 partem

221 3496 368 3557 omnium
397 3494 591 3557 divitiarum
622 3511 776 3567 suarum,
803 3511 880 3571 quae
910 3491 1105 3554 annualiter
1128 3489 1173 3551 ad

220 3613 296 3655 eum
327 3612 371 3654 ex
404 3592 494 3655 omni
528 3610 633 3654 censu
667 3590 925 3670 perveniebant,
955 3589 989 3650 in
1024 3594 1172 3668 quatuor

220 3709 338 3771 aequas
357 3698 470 3770 partes
488 3691 623 3752 curiose
642 3707 723 3749 suos
747 3688 924 3749 ministros
940 3684 1093 3747 dividere
1110 3685 1173 3745 im-

259 3937 264 3965 ¹
284 3935 415 3997 Primam]
433 3936 492 3984 Suis
511 3933 704 4048 bellatoribus!
749 3967 758 3995 2
777 3965 857 4015 curto
869 3964 902 4014 A·

221 4011 281 4056 itern
295 4007 326 4054 A.
339 4007 395 4053 add·
