3098 4770
451 360 642 407 monnarii
669 359 950 409 wrnorrnrsnsrs.
1130 340 1175 404 85

222 509 436 575 latitudinem
461 516 585 595 ubique
604 516 760 596 dispersa
778 523 812 578 et
828 513 942 577 occisa
959 523 1171 575 corruerunt.

223 608 355 674 Cecidit
386 632 469 693 ergo
500 615 571 677 illic
615 615 777 695 Bagsecg
808 632 882 689 rex,
913 609 1031 674 Sidroc
1065 629 1170 672 senex

222 727 348 786 comeS,
390 710 510 776 Sidroc
544 713 664 794 junior
705 732 831 789 comeS,
871 711 1004 775 Osbern
1046 727 1171 784 comes,

222 806 347 870 Fraena
369 827 495 887 comes,
518 810 653 875 Harald
679 830 816 876 comes:
842 819 877 874 et
900 817 992 872 totus
1013 806 1171 887 Pagano-

219 925 295 967 rum
314 909 487 972 exercitus
509 930 620 991 usque
647 911 691 973 ad
718 918 867 984 noctem,
885 915 919 970 et
936 907 1039 970 etiam
1061 924 1171 986 usque

219 1005 261 1066 ad
280 1005 369 1067 diem
393 1017 605 1088 sequentem,
621 1028 803 1090 quousque
818 1008 862 1070 ad
880 1023 992 1070 arcem
1008 1004 1067 1086 qui
1088 1022 1170 1066 eva·

218 1109 604 1186 serant'pervenerunt,
632 1109 667 1172 in
695 1107 814 1188 sugam
841 1123 962 1168 versus
988 1109 1048 1166 est
1100 1102 1316 1208 Hisqpeplped

218 1201 265 1264 ibi
281 1204 330 1266 ita
345 1206 463 1285 gestis,
488 1209 610 1270 iterum
639 1214 718 1289 post
736 1223 814 1270 xw.
832 1204 905 1267 dies
924 1199 1087 1265 AEthered
1106 1221 1167 1264 rex
1182 1179 1304 1306 {operit

219 1319 377 1365 unacum
403 1304 509 1369 fratre
532 1306 700 1382 AElsredo,
718 1304 878 1368 adunatis
897 1302 1025 1366 viribus
1048 1309 1170 1364 contra
1201 1279 1269 1317 '⁸¹⁰⁸'

218 1399 380 1481 Paganos
415 1412 643 1485 pugnaturus,
683 1405 863 1484 Basengas
899 1401 1007 1479 adiit3
1044 1400 1168 1482 quibus

217 1498 387 1563 hostiliter
402 1504 695 1579 convenientibus
706 1511 740 1566 et
759 1503 817 1566 diu
832 1501 933 1564 simul
947 1499 1168 1574 certantibus,

218 1597 352 1678 Pagani
362 1601 507 1664 victoria
520 1602 735 1684 potiuntur.'’
782 1601 933 1675 Rursus,
945 1597 1076 1660 duobus
1088 1615 1167 1658 evo·
1180 1611 1266 1700 3133„

216 1695 298 1758 lutis
332 1701 516 1776 mensibus,
549 1720 611 1764 rex
644 1699 854 1763 AEtheredus
886 1706 921 1761 et
955 1696 1061 1759 irater
1090 1695 1166 1777 ejus
1269 1690 1273 1699 '

217 1794 393 1860 AElt'redus
408 1817 486 1861 cum
514 1799 678 1881 Paganis,
695 1799 807 1881 quise
824 1796 962 1860 induas
979 1795 1167 1857 diviserant

215 1900 358 1971 turmaS,
391 1898 481 1977 apud
513 1898 675 1961 Meretun
700 1904 907 1979 pugnantes,
932 1894 988 1956 diu
1021 1893 1166 1956 victores

214 1992 382 2071 existunt,
409 1996 614 2060 adversariis
640 1997 799 2060 omnibus
824 1996 859 2057 in
887 1993 1003 2074 sugam
1037 1992 1164 2064 versis;

214 2092 273 2153 sed
290 2091 359 2154 illis
377 2093 412 2156 in
427 2095 589 2175 proeliurn
612 2095 849 2177 redeuntibus,
871 2091 971 2154 multi
988 2109 1031 2154 ex
1056 2088 1108 2150 his
1130 2090 1166 2151 et

214 2207 258 2251 ex
274 2191 341 2253 illis
357 2200 533 2268 corruunt,
546 2202 580 2257 et
596 2193 733 2274 Pagani
750 2191 930 2255 victoriam
946 2181 1175 2270 accipientes,

214 2287 290 2351 loco
327 2289 456 2355 funeris
493 2291 737 2356 dominantur.¹
790 2290 921 2354 Eodem
958 2306 1048 2351 anno
1086 2294 1166 2367 post
1177 2305 1248 2395 {ffb
1254 2304 1292 2394 gp

215 2383 364 2463 Pascha,
375 2408 437 2452 rex
450 2390 667 2464 AEtheredus,
681 2408 789 2472 regno
803 2406 836 2453 V.
854 2388 951 2451 annis
964 2406 1025 2467 per
1041 2385 1167 2449 multas
1206 2361 1253 2394 ω
1287 2380 1292 2398 ’

215 2484 454 2551 tribulationes
491 2498 629 2552 strenuo
664 2497 769 2570 atque
804 2484 1051 2551 honorabiliter
1088 2502 1166 2545 cum

215 2583 418 2649 bonafama
441 2589 646 2668 gubernato,
664 2587 756 2650 viam
778 2584 1014 2648 universitatis
1036 2581 1167 2665 adiens,

216 2697 270 2744 lx.
293 2681 358 2747 lral
382 2686 469 2752 Maii
493 2686 552 2769 [23
569 2684 686 2768 Apr.],
710 2686 745 2749 in
764 2685 982 2749 Winburnan
1010 2680 1172 2761 sepultus-

215 2788 290 2855 est,
310 2784 368 2846 ubi
381 2784 567 2848 adventum
584 2784 726 2848 Domini
741 2785 956 2865 primamque
971 2799 1048 2842 cum
1060 2778 1167 2861 justis

213 2885 498 2946 resurrectionem
530 2890 703 2964 expectat.
756 2881 835 2959 Quo
861 2879 1035 2953 defuncto,
1060 2896 1168 2957 supra
1176 2900 1299 2941 ‚naasion

216 2988 424 3044 memoratus
444 2981 632 3057 AElfredus,
656 2982 716 3063 qui
739 2977 915 3061 usquead
940 2976 975 3038 id
990 2975 1166 3056 temporis,
1176 2951 1296 2991 “mm

213 3075 409 3141 viventibus
435 3081 598 3143 fratribus
615 3081 700 3155 suis,
725 3079 838 3141 luerat
860 3074 1093 3149 secundarius,
1112 3081 1165 3136 to-

214 3175 282 3237 tius
311 3179 408 3257 regni
433 3176 679 3258 gubernacula,
695 3177 811 3240 divino
836 3174 1044 3238 concedente
1066 3179 1165 3248 nutu,

215 3292 292 3334 cum
318 3293 452 3339 summa
477 3278 626 3339 omnium
654 3275 747 3337 illius
772 3275 869 3354 regni
892 3271 1086 3335 accolarum
1103 3288 1165 3332 vo·

213 3370 360 3449 luntate,
378 3376 558 3438 confestim
579 3374 751 3455 suscepit;
776 3372 875 3453 cujus
893 3370 935 3433 de
952 3367 1165 3431 infantilibus

214 3478 255 3531 et‘
281 3473 469 3551 puerilibus
503 3474 656 3536 moribus
685 3472 748 3535 hoc
774 3472 809 3532 in
836 3471 912 3532 loco
941 3468 1089 3530 breviter
1116 3467 1165 3528 in·

211 3570 391 3631 serendum
409 3589 483 3634 esse
498 3569 771 3635 existimamus.”

264 3667 479 3730 “Communi
517 3671 635 3750 itaque
670 3676 705 3732 et
738 3667 871 3748 ingenti
903 3666 1013 3746 patris
1043 3663 1097 3724 sui
1129 3669 1310 3731 otomanus·

212 3766 332 3828 matris
347 3784 474 3842 amore,
490 3786 596 3848 supra
611 3784 729 3830 omnes
746 3765 869 3826 fratres
884 3781 979 3838 suos,
994 3763 1096 3823 immo
1120 3760 1164 3820 ab
1176 3742 1269 3788 'mm'

213 3865 370 3927 omnibus
391 3864 532 3927 nimium
555 3865 775 3945 diligebatur,
792 3869 827 3924 et
849 3862 884 3922 iu
907 3861 1002 3941 regio
1030 3877 1165 3939 semper

213 3971 311 4026 curto
347 3963 622 4044 inseparabiliter
655 3962 882 4023 nutriebatur.
936 3958 1164 4021 Accrescente

270 4104 278 4136 ¹
298 4107 401 4169 Rrrrsus,
413 4107 503 4156 (luobus
515 4142 522 4157 .
532 4141 538 4158 .
549 4143 555 4156 .
566 4143 572 4157 .
585 4104 761 4167 detrinentum]
798 4106 858 4154 Sax.
872 4103 966 4152 Chron.
993 4101 1027 4150 A.
1039 4101 1105 4148 eruit.
