3098 4770
445 372 637 418 rnonuuru
666 355 965 421 wrconurnus1s.'
1102 360 1168 424 175

219 525 373 588 maxima
400 526 436 588 vi
465 533 628 590 certatur.
694 526 833 591 Interea
857 547 919 590 rex
946 527 1166 595 Eadmundus

222 621 385 686 Ferreum
416 623 525 686 Latus
557 624 593 685 in
620 624 733 704 prima
766 627 840 689 acie
863 626 1017 690 cominus
1043 631 1168 694 acriter

218 721 385 796 instabat,
406 722 522 783 omnia
542 722 759 801 providebat,
779 725 928 787 multum
948 724 1021 806 ipsc
1036 745 1167 806 pugna-

218 821 291 894 bat,
307 838 401 900 saepe
420 819 556 881 hostem
576 819 713 897 feribat,
734 824 867 885 strenui
890 822 1007 886 militis
1030 833 1065 887 et
1087 825 1167 887 boni

219 917 436 996 imperatoris
461 915 573 979 officia
598 918 699 979 simul
724 921 981 998 exequebatur:
1005 922 1065 984 sed
1086 923 1170 1001 quia

131 1026 133 1032 '
220 1014 366 1077 Edricus
383 1015 541 1089 Streona,
558 1015 630 1077 dux
645 1015 908 1095 perfidissimus,
932 1024 968 1080 et
990 1018 1168 1082 AElmarus

219 1111 392 1188 Dilectus,
407 1111 630 1193 Algarusque
647 1113 739 1176 filius
763 1113 929 1191 Meawes‚
947 1115 1006 1195 qni
1021 1115 1053 1178 ei
1069 1119 1170 1180 auxi-

108 1235 112 1240 -
218 1209 265 1272 lio
294 1229 370 1273 esse
400 1212 600 1287 debuerant,
633 1230 712 1274 cum
743 1212 1104 1278 Suthamtonieusibus
1133 1225 1169 1279 et

219 1307 508 1371 Wiltoniensibus
532 1309 815 1388 provincialibus,
834 1311 1082 1392 innumeraque
1104 1332 1168 1395 po·

219 1404 291 1485 puli
309 1407 529 1470 multitudine
546 1407 580 1468 in
603 1415 704 1487 parte
724 1407 905 1471 Danorum
930 1408 1077 1485 fuerant,
1092 1411 1168 1492 ejus

219 1505 394 1566 exercitus
409 1507 509 1567 nimis
525 1512 599 1568 erat
615 1505 838 1586 defatigatus.
877 1504 1044 1570 Attamen
1058 1509 1168 1589 primo

220 1602 274 1664 die
293 1602 386 1676 belli,
408 1601 516 1664 Lunae
539 1603 671 1665 scilicet
695 1605 761 1679 die,
784 1612 856 1667 tam
883 1605 1005 1667 durum
1030 1614 1168 1686 tamque

220 1709 400 1762 cruentum
421 1700 539 1762 extitit
565 1701 737 1779 proelium,
764 1709 803 1762 ut
828 1709 973 1780 uterque
997 1704 1168 1765 exercitus

219 1816 291 1878 prae
312 1798 516 1861 lassitudine
538 1797 668 1859 diutius
692 1817 760 1860 non
775 1797 895 1860 valens
912 1816 1078 1878 pugnare,
1093 1799 1167 1862 sole

214 1895 288 1977 jam
305 1896 494 1971 occidente,
510 1897 554 1958 ab
567 1896 715 1958 invicem
730 1896 777 1958 sit
788 1896 964 1976 digressus
976 1904 1167 1977 spontanea

218 1993 410 2055 voluntate.
462 1993 530 2057 Sed
542 2000 683 2073 postera
697 1993 752 2057 die
766 2013 830 2056 rex
844 1993 965 2057 Dauos
978 2003 1167 2075 protereret
1178 2013 1319 2052 caeam..

219 2109 349 2165 omnes,
363 2090 394 2152 si
409 2089 531 2170 perfidi
545 2090 642 2152 ducis
658 2090 775 2152 Edrici
790 2090 947 2152 Streonae
961 2109 1030 2152 non
1053 2100 1166 2155 essent
1177 2063 1262 2150 ’ἑῖῗιιῗ

217 2189 362 2251 insidiae.
394 2187 590 2268 *Siquidem
616 2206 696 2250 cum
719 2205 838 2268 pugna
858 2186 1041 2251 vehemens
1062 2161 1274 2265 esset,⁸‘“⁰⁰'⁴

218 2294 253 2348 et
271 2285 407 2366 Anglos
424 2285 584 2349 fortiores
604 2304 681 2348 esse
703 2293 870 2362 cerneret,
888 2285 1067 2367 cujusdam
1088 2288 1164 2361 viri,

218 2383 294 2464 regi
323 2383 528 2447 Eadmundo
554 2383 643 2446 facie
665 2384 872 2465 capillisque
895 2384 1071 2460 simillimi,
1097 2384 1165 2448 Os-

217 2481 326 2544 meari
339 2481 489 2557 nomine,
504 2482 618 2562 capite
635 2489 814 2562 amputato
830 2481 909 2544 etin
921 2481 1028 2545 altum
1039 2482 1163 2556 levato,

217 2579 393 2641 exclamat
414 2576 551 2658 Anglos
570 2579 700 2641 frustra
721 2597 889 2661 pugnare,
907 2579 1043 2651 dicens3
1068 2578 1165 2642 ‘Vos

218 2675 459 2750 DorsetenseS,
507 2676 695 2752 Domnani,
732 2675 992 2751 Wiltonienses‚
1038 2677 1165 2739 amisso

216 2774 330 2853 capite
352 2772 547 2853 praecipites
569 2773 692 2852 fugite,
709 2792 752 2835 en
770 2772 900 2834 domini
922 2773 1028 2836 vestri
1049 2780 1165 2855 caput,

218 2870 413 2932 Eadmundi
444 2870 579 2946 basilei,
609 2869 666 2933 hic
698 2878 799 2933 teneo
830 2871 1010 2933 manibus:
1054 2871 1165 2933 cedite

216 2967 446 3048 quantocius!
509 2966 611 3044 Quod
637 2969 698 3030 ubi
722 2967 829 3046 Angli
854 2985 1029 3047 accepere,
1054 2970 1165 3048 magis

216 3066 399 3128 atrocitate
422 3064 472 3126 rei
498 3084 602 3146 quam
624 3065 692 3127 fide
714 3064 832 3127 nuncii
854 3071 1048 3127 terrentur:
1075 3066 1166 3128 unde

215 3162 346 3225 factum
367 3169 431 3237 est,
451 3170 492 3224 ut
515 3163 803 3225 inconstantiores
825 3163 955 3241 quique
973 3162 1113 3242 paulum
1143 3181 1165 3225 a

214 3260 299 3340 fuga
323 3260 501 3336 abessent;
528 3261 588 3322 sed
612 3260 706 3322 illico
728 3258 821 3340 quod
841 3277 905 3321 rex
923 3259 1056 3322 viveret
1071 3278 1164 3321 com·

215 3364 326 3439 perto,
343 3357 476 3419 animos
496 3357 677 3432 tollebant,
693 3364 728 3419 et
749 3357 786 3418 in
805 3356 925 3419 Dauos
943 3359 1056 3418 acrius
1070 3356 1163 3418 ince-

214 3456 354 3528 debant,
368 3473 414 3516 ex
431 3453 568 3534 illisque
585 3455 713 3517 multos
728 3454 1006 3534 prosternabant,
1023 3454 1164 3516 summis

214 3558 387 3614 certantes
409 3551 539 3613 viribus
564 3571 673 3632 usque
696 3552 741 3613 ad
768 3551 1009 3631 crepusculum
1032 3553 1164 3628 noctis;

213 3667 283 3730 qua
292 3649 508 3723 adveniente,
519 3656 559 3711 ut
570 3648 691 3729 pridie,
704 3649 851 3728 digressi
860 3658 943 3710 sunt
952 3647 1164 3730 spontanee.¹

248 3849 429 3912 ¹Spontunee.]
457 3847 510 3896 The
528 3854 636 3897 account
652 3849 682 3897 oi
702 3849 732 3896 of
745 3849 848 3898 Eadric.
884 3848 938 3897 The
951 3847 1090 3908 Knytlinga
1100 3848 1169 3907 Saga

127 3945 138 3960 ·
210 3919 253 3968 the
275 3919 353 3967 battle
375 3917 404 3965 oi
428 3917 561 3965 Sceorstan
584 3919 610 3964 in
634 3917 677 3965 the
703 3915 741 3980 (p.
760 3915 821 3978 190)
838 3917 941 3964 informs
956 3929 997 3974 ns,
1016 3916 1071 3963 that
1087 3916 1169 3977 ‘king

212 3987 345 4038 Chronicle
362 3987 385 4033 is
400 4000 462 4046 very
476 3985 549 4047 brief,
561 3987 678 4047 omitting
703 3985 839 4034 Eadmund
851 3985 912 4033 rode
925 3985 1048 4032 iorwards
1063 3986 1114 4031 into
1126 3985 1168 4033 tbe

210 4057 246 4106 all
258 4057 366 4105 mention
378 4055 408 4103 oi
414 4055 457 4104 the
468 4055 528 4103 base
540 4060 676 4116 stratagem
703 4054 802 4103 Danish
814 4054 880 4114 host,
891 4054 942 4101 and
952 4067 1023 4102 came
1034 4067 1063 4101 so
1073 4067 1133 4102 near
1143 4058 1169 4101 to
