3098 4770
440 341 633 387 rnonnuru
659 339 938 387 wroonmnnsrs.
1120 322 1165 386 87

211 492 395 556 instinctus
419 494 607 570 AElsreduS,
631 504 665 558 et
688 494 941 576 pulchritudine
963 492 1163 574 principalis

211 590 335 654 litterae
352 593 446 655 illius
469 593 546 656 libri
573 594 721 669 illectus,
749 595 799 656 ita
824 595 925 657 matri
942 593 1162 673 respondens,

210 689 334 771 inquit,
350 691 511 754 ‘Verene
528 694 627 755 dabis
644 694 750 755 istum
775 692 900 755 librum
917 691 975 754 uni
991 711 1035 754 ex
1050 691 1162 767 nobis,

210 789 341 852 scilicet
352 789 401 852 illi
417 791 476 871 qui
488 792 652 854 citissime
662 791 854 871 intelligere
866 800 900 854 et
910 791 1053 854 recitare
1065 789 1161 852 eum¹

211 895 291 950 ante
309 895 344 951 te
360 890 512 969 possitl'
565 889 622 954 Ad
648 890 722 954 haec
745 890 804 953 illa
830 890 995 963 arridens,
1010 895 1020 922 ‘
1035 887 1161 963 Dabo,’

212 985 300 1062 infit,
325 987 419 1050 ‘illi'
471 988 570 1051 Tunc
597 989 656 1052 ille
682 990 800 1052 statim
828 988 951 1051 tollens
973 987 1096 1049 librum
1119 987 1162 1049 de

211 1103 314 1146 manu
338 1104 415 1160 sua,
439 1087 643 1166 magistrum
666 1088 764 1163 adiit,
782 1094 817 1150 et
839 1087 943 1168 legit:
968 1104 1036 1167 quo
1058 1085 1162 1160 lecto,

213 1184 315 1246 matri
351 1184 471 1247 retulit
502 1192 538 1247 et
567 1187 740 1277 recitavit:
751 1211 759 1273 ,¹
798 1185 884 1249 Post
920 1184 993 1248 haec
1023 1203 1162 1247 cursum

211 1280 382 1358 diurnum,
408 1283 560 1362 psalmos
584 1285 751 1365 quosdam
780 1292 814 1348 et
839 1284 1009 1346 orationes
1035 1282 1163 1345 multas

211 1380 352 1454 didicit;
382 1401 460 1463 quae
476 1383 591 1445 omnia
614 1383 649 1444 in
678 1402 748 1446 uno
775 1381 862 1444 libro
880 1388 1100 1463 congregata,
1126 1382 1163 1443 in

211 1479 290 1541 sinu
321 1498 385 1543 suo
417 1481 470 1543 die
504 1488 691 1561 noctuque,
723 1482 888 1545 orationis
920 1480 1044 1562 gratia,
1072 1480 1164 1542 inter

211 1578 326 1640 omnia
350 1580 532 1661 praesentis
553 1580 634 1642 vitae
660 1580 842 1653 curricula,
865 1581 990 1660 ubique
1016 1578 1161 1640 circum-

211 1675 371 1740 ducebat.
423 1676 502 1752 Sed,
520 1676 606 1758 proh
624 1678 733 1751 dolor,
751 1678 843 1759 quod
867 1677 1014 1739 maxime
1029 1676 1162 1738 deside·

211 1776 323 1849 rabat,
339 1774 515 1838 liberalem
542 1775 674 1840 scilicet
688 1785 810 1853 artem,
826 1775 991 1838 desiderio
1006 1793 1069 1837 suo
1093 1792 1163 1836 non

212 1874 429 1954 suppetebat,
449 1893 490 1937 eo
508 1875 600 1955 quod
626 1875 687 1937 illo
705 1882 859 1956 tempore
875 1870 1109 1955 grammatici²
1127 1872 1163 1933 in

212 1980 286 2035 toto
302 1991 408 2053 regno
425 1971 701 2035 Occidentalium
718 1972 896 2036 Saxonum
910 1992 978 2035 non
994 1971 1125 2035 erant.''

263 2069 383 2133 “Cum
397 2078 527 2148 autem,
538 2071 575 2133 in
589 2071 755 2152 primaevo
762 2071 957 2153 juventutis
968 2089 1040 2133 suae
1053 2066 1164 2145 llore‚³
1177 2085 1292 2175 quaero-

213 2177 359 2232 mentem
390 2188 488 2231 suam
516 2170 552 2231 in
577 2168 644 2232 Dei
673 2169 844 2232 mandatis
870 2169 1022 2231 stabilire
1048 2140 1236 2243 vellet,²⁰‘¹'

212 2285 318 2349 seque
350 2287 372 2330 a
402 2267 534 2330 carnali
562 2267 732 2332 desiderio
764 2268 936 2331 abstinere
964 2285 1032 2329 non
1063 2284 1165 2346 posse

212 2372 389 2442 cerneret3
413 2384 456 2427 ne
483 2365 649 2428 offensam
671 2367 740 2430 Dei
764 2367 963 2440 incurreret,
978 2365 1008 2427 si
1035 2363 1164 2444 aliquid

213 2463 424 2526 contrarium
449 2463 621 2526 voluntati
649 2463 741 2526 illius
764 2470 955 2545 perageret,
978 2463 1166 2543 saepissime

213 2561 404 2640 gallicantu
433 2568 468 2624 et
498 2562 678 2644 matutinis
706 2561 799 2624 horis
830 2561 919 2624 clam
944 2578 1166 2640 consurgens

213 2659 376 2721 ecclesias
413 2665 447 2721 et
476 2659 643 2740 reliquias
681 2667 878 2723 sanctorum
908 2658 1028 2722 orandi
1058 2676 1168 2721 causa

214 2757 390 2832 visitabat,
405 2757 522 2838 ibique
544 2757 604 2819 diu
619 2764 813 2838 prostratus
829 2759 962 2832 orabat,
977 2775 1045 2838 quo
1068 2756 1167 2819 Deus

216 2854 455 2936 Omnipotens,
478 2862 620 2936 propter
644 2875 744 2918 suam
766 2855 1045 2929 misericordiam,
1070 2872 1167 2915 men·

215 2964 284 3015 tem
302 2954 395 3016 illius
411 2972 528 3016 amore
554 2972 628 3016 suae
650 2954 827 3017 servitutis
854 2973 915 3034 per
937 2951 1088 3032 aliquam
1113 2950 1173 3013 in-¹

215 3050 413 3115 firmitatem
450 3071 555 3132 quam
588 3060 706 3132 posset
739 3053 921 3126 sustinere,
951 3069 1017 3112 non
1051 3056 1168 3112 tamen

215 3169 285 3230 quo
303 3169 382 3212 eum
397 3149 576 3229 indignum
595 3158 631 3213 et
648 3151 803 3214 inutilem
818 3150 854 3213 in
870 3147 1049 3212 mundanis
1064 3148 1168 3210 rebus

215 3248 357 3325 faceret,
374 3250 623 3311 corroboraret.
676 3248 833 3328 Cumque
858 3247 922 3310 hoc
950 3246 1076 3328 saepius
1093 3264 1167 3307 ma·
1180 3265 1303 3304 rumam

215 3366 286 3426 gna
310 3348 435 3409 mentis
459 3346 642 3409 devotione
665 3353 796 3427 ageret,
814 3353 895 3427 post
917 3343 1169 3424 aliquantulum
1181 3314 1327 3409 bilbili·

216 3445 435 3507 intervallum
461 3445 517 3507 fici
542 3445 695 3507 dolorem
713 3445 779 3507 Dei
794 3462 933 3506 munere
948 3442 1109 3518 incurrit3
1133 3442 1170 3504 in
1182 3413 1297 3513 111ῗέ1111
1306 3463 1333 3509 sy

216 3562 285 3623 quo
301 3542 361 3605 diu
389 3550 425 3606 et
451 3562 544 3624 aegre
571 3562 633 3625 per
658 3543 786 3605 multos
810 3561 918 3605 annos
933 3543 1096 3604 roborans
1119 3559 1170 3614 se,
1181 3523 1265 3562 ‘m'

216 3641 320 3703 etiam
338 3641 381 3703 de
398 3642 472 3704 vita
486 3641 705 3721 desperabat.
725 3677 729 3684 -
757 3640 825 3703 Sed
837 3640 985 3722 quodam
1003 3647 1169 3718 tempore,

213 3738 330 3802 divino
367 3745 466 3809 nutu,
504 3758 583 3801 cum
626 3737 834 3801 cornubiam
873 3737 1021 3800 venandi
1060 3753 1169 3797 causa

250 3935 363 3997 ¹Eum.]
399 3936 524 3995 Supplied
554 3936 617 3983 from
646 3934 680 3983 A.

214 4007 295 4056 MSS.
309 4011 331 4054 et
343 4006 411 4054 editt.
424 4005 490 4052 omit.

249 4076 260 4104 ²
275 4077 382 4125 lectores
393 4075 452 4122 boni
464 4073 497 4122 A.

743 3963 752 3993 ³
770 3967 864 4028 Flora]
885 3968 1029 4027 Antequam
1041 3966 1169 4027 propriam

707 4039 839 4099 conjugem
850 4037 954 4086 duceret
963 4036 996 4086 A.
1007 4037 1062 4085 add.
