3098 4770
437 378 629 426 recensuri
657 379 934 428 wrcoameusrs.
1097 366 1165 430 239

569 605 807 672 HWICCIA.

261 778 312 826 DE
339 777 579 828 PONTIFICALI
601 779 703 840 SEDE,
725 780 910 831 QUOMODO
932 780 1108 831 PRIMITUS

457 863 617 912 STATUTA
634 864 689 913 SIT
706 863 914 915 WIGORNIAE.

264 999 416 1079 Egregio
442 999 650 1064 Merciorum
681 1002 753 1081 regi
779 1002 938 1077 Wllario‚
957 1005 1016 1083 qui
1040 1024 1162 1084 regum

211 1098 317 1159 totius
334 1097 476 1165 Marciae
494 1098 596 1162 fidem
614 1099 741 1162 Christi
756 1101 885 1181 primus
901 1102 1065 1182 suscepit,
1082 1120 1161 1182 ger-

211 1215 334 1256 manus
350 1215 435 1257 suus
450 1195 623 1276 gloriosus
639 1217 699 1260 rex
717 1208 857 1261 sanctus
874 1198 1100 1262 AEthelredus
1125 1201 1162 1261 in

212 1312 356 1372 regnum
394 1296 573 1369 successit,
600 1296 655 1357 cui
687 1295 923 1359 Hwicciorum
952 1298 1161 1377 subregulus

214 1389 381 1465 OsheruS,
398 1392 453 1454 vir
481 1392 627 1455 multum
653 1392 847 1469 laudabilis,
877 1394 1081 1469 Hwicciam,
1104 1396 1162 1457 cui

214 1489 386 1569 dignitate
403 1490 614 1570 praesidebat
635 1492 740 1571 regia,
767 1491 895 1572 proprii
917 1492 1083 1554 antistitis
1111 1492 1163 1555 di·

214 1587 1163 1670 gnitatehonorarisublimariquedesideransregimine,

214 1686 396 1747 consilium
412 1686 507 1748 dedit
519 1688 615 1760 utile,
628 1688 831 1767 rogavitque
844 1707 1061 1766 summopere
1080 1707 1162 1767 qua-

214 1783 306 1844 tinus
325 1801 438 1860 suum,
452 1783 544 1863 quod
561 1790 642 1846 tunc
658 1785 788 1846 caeteris
804 1785 917 1864 regnis
935 1785 1163 1865 praeminebat

213 1879 364 1960 Angliae,
380 1881 538 1961 pluribus
552 1881 763 1944 antistitibus
775 1883 953 1945 decoraret
970 1883 1162 1955 venustius,

214 1997 255 2040 ac
292 1977 478 2042 honoraret
512 1978 704 2055 sublimius,
738 1980 828 2042 sicut
863 1980 1030 2061 quosdam
1062 1999 1162 2061 reges

215 2075 355 2156 Angliae
383 2084 531 2140 noverat
547 2078 628 2140 olim
642 2076 774 2139 secisse.
828 2075 896 2153 Qui
914 2096 989 2139 cum
1014 2077 1111 2158 prius
1125 2077 1162 2139 id

213 2173 304 2235 idem
337 2173 485 2237 faciendi
519 2194 645 2256 magno
674 2173 837 2255 flagraret
869 2175 1050 2251 desiderio,
1075 2194 1160 2237 mox

214 2270 290 2352 ejus
318 2272 536 2334 suasionibus
565 2272 826 2353 salubribusque
852 2271 1003 2334 consiliis
1020 2273 1161 2353 acquie-

212 2369 276 2443 vit,
292 2375 328 2431 et
344 2368 590 2450 archipraesule
605 2370 830 2432 Doruberniaa
847 2369 1030 2443 Theodoro
1056 2371 1102 2432 ad
1123 2389 1163 2432 se

214 2465 394 2543 accersito,
421 2468 559 2547 rogavit
584 2473 634 2542 ut,
651 2485 757 2546 regno
773 2472 837 2529 sno
854 2467 970 2547 plures
994 2468 1030 2530 in
1056 2487 1161 2548 paro·

216 2563 313 2626 chias
335 2564 460 2641 diviso,
477 2565 658 2645 episcopos
682 2564 767 2627 locis
791 2563 1016 2627 constitueret
1035 2584 1163 2646 oppor-

216 2661 319 2724 tunis
372 2661 439 2724 Ille
465 2671 582 2726 autem
608 2662 693 2724 utile
715 2663 801 2725 satis
829 2662 920 2743 regis
940 2669 1062 2725 votum
1080 2682 1162 2743 gra-

214 2765 331 2821 tanter
345 2761 555 2840 approbans,
577 2760 667 2840 quod
691 2761 879 2840 rogabatur
899 2761 973 2821 sine
996 2759 1163 2823 dilatione

215 2857 405 2919 maturavit
439 2857 592 2938 explere,
626 2858 743 2936 itaque
772 2857 960 2932 dioecesim,
988 2857 1045 2919 cui
1077 2864 1162 2920 tunc

215 2953 392 3017 Saxwlfus
415 2954 606 3035 pontificali
625 2954 788 3034 regimine
811 2954 961 3035 praefuit,
983 2973 1060 3018 cum
1078 2974 1161 3018 con-

216 3070 319 3114 sensu
335 3051 490 3134 ejusdem
508 3052 600 3132 regis
624 3070 665 3113 ac
680 3051 870 3133 principum
888 3051 992 3127 illius,
1008 3053 1044 3115 in
1063 3052 1163 3133 quin·

216 3169 283 3229 que
308 3148 490 3230 parochias
510 3149 638 3225 divisit,
654 3167 743 3211 anno
768 3150 811 3210 ab
829 3148 1073 3213 Incarnatione
1089 3151 1163 3212 Do-

215 3248 298 3309 mini
317 3247 504 3309 secundum
524 3247 750 3326 Evangelium
771 3263 885 3322 ocos,
904 3247 1012 3328 juxta
1028 3248 1163 3329 Diony-

215 3346 305 3407 sium
334 3344 452 3429 (cujus
478 3363 627 3407 errorem
654 3343 764 3406 adhuc
790 3353 911 3409 sancta
936 3347 1164 3426 sequiturec-

216 3440 339 3525 clesia)
365 3440 478 3504 anuo¹
513 3458 708 3506 nomxxm.
760 3442 807 3504 Et
838 3444 921 3523 quia
942 3444 1067 3506 civitas
1090 3443 1164 3506 Wi-

216 3541 349 3618 gomia‚
385 3548 541 3620 tempore
573 3560 641 3620 quo
674 3541 865 3619 regnabant
902 3542 1075 3622 Brytones
1107 3540 1164 3603 vel

217 3637 369 3699 Romani
397 3637 433 3699 in
465 3638 668 3718 Brytannia,
697 3645 732 3699 et
761 3645 844 3700 tunc
871 3645 907 3701 et
935 3657 1026 3700 nunc
1057 3639 1164 3700 totius

216 3734 384 3797 Htvicciae
423 3735 477 3798 vel
521 3735 771 3815 Magesetaniae
809 3735 1007 3814 metropolis
1046 3736 1165 3797 extitit

214 3833 358 3907 famosa,
375 3832 577 3896 cathedram
593 3833 703 3894 erexit
719 3831 950 3912 pontificalem
962 3833 1113 3913 digniter
1128 3833 1164 3894 in

448 4051 456 4083 ¹
475 4055 611 4102 Secundum
624 4087 631 4102 .
644 4089 650 4102 .
664 4088 672 4103 .
686 4088 692 4103 .
704 4052 786 4113 unna]
816 4054 845 4101 C.
856 4053 924 4102 omit.
