<?xml version="1.0" encoding="UTF-8"?>
<!DOCTYPE html PUBLIC "-//W3C//DTD XHTML 1.0 Transitional//EN"
    "http://www.w3.org/TR/xhtml1/DTD/xhtml1-transitional.dtd">
<html xmlns="http://www.w3.org/1999/xhtml" xml:lang="en" lang="en">
 <head>
  <title>
</title>
<meta http-equiv="Content-Type" content="text/html;charset=utf-8" />
  <meta name='ocr-system' content='tesseract 3.04.00' />
  <meta name='ocr-capabilities' content='ocr_page ocr_carea ocr_par ocr_line ocrx_word'/>
</head>
<body>
  <div class='ocr_page' id='page_1' title='image "./florentiiwigorn00florgoog_0147.png"; bbox 0 0 3098 4770; ppageno 0'>
   <div class='ocr_carea' id='block_1_1' title="bbox 340 332 920 397">
    <p class='ocr_par' dir='ltr' id='par_1_1' title="bbox 340 332 920 397">
     <span class='ocr_line' id='line_1_1' title="bbox 340 332 920 397; baseline 0.007 -7"><span class='ocrx_word' id='word_1_1' title='bbox 340 332 406 397; x_wconf 83' lang='lat'><strong>138</strong></span> <span class='ocrx_word' id='word_1_2' title='bbox 525 332 529 340; x_wconf 91' lang='lat'>&#39;</span> <span class='ocrx_word' id='word_1_3' title='bbox 708 346 920 394; x_wconf 80' lang='lat' dir='ltr'><strong>cunourcou</strong></span> 
     </span>
    </p>
   </div>
   <div class='ocr_carea' id='block_1_2' title="bbox 177 495 1294 778">
    <p class='ocr_par' dir='ltr' id='par_1_2' title="bbox 177 495 1294 778">
     <span class='ocr_line' id='line_1_2' title="bbox 177 495 1292 567; baseline -0.007 0"><span class='ocrx_word' id='word_1_4' title='bbox 177 520 219 557; x_wconf 74' lang='lat' dir='ltr'><strong>and</strong></span> <span class='ocrx_word' id='word_1_5' title='bbox 229 519 255 557; x_wconf 69' lang='lat'><strong>110</strong></span> <span class='ocrx_word' id='word_1_6' title='bbox 265 521 291 567; x_wconf 79' lang='lat' dir='ltr'><strong>br</strong></span> <span class='ocrx_word' id='word_1_7' title='bbox 343 502 594 564; x_wconf 89' lang='lat' dir='ltr'><strong>Wintoniensis</strong></span> <span class='ocrx_word' id='word_1_8' title='bbox 629 501 783 564; x_wconf 88' lang='lat' dir='ltr'><strong>ecclesiae</strong></span> <span class='ocrx_word' id='word_1_9' title='bbox 824 500 1006 564; x_wconf 89' lang='lat' dir='ltr'><strong>ordinatus</strong></span> <span class='ocrx_word' id='word_1_10' title='bbox 1032 507 1083 562; x_wconf 91' lang='lat' dir='ltr'><strong>est</strong></span> <span class='ocrx_word' id='word_1_11' title='bbox 1121 495 1292 561; x_wconf 85' lang='lat' dir='ltr'><strong>Brihthel·</strong></span> 
     </span>
     <span class='ocr_line' id='line_1_3' title="bbox 178 568 901 680; baseline 0.001 -19"><span class='ocrx_word' id='word_1_12' title='bbox 178 568 316 616; x_wconf 55' lang='lat' dir='ltr'><strong>B&#39;m‘h‘m&#39;</strong></span> <span class='ocrx_word' id='word_1_13' title='bbox 343 620 429 672; x_wconf 88' lang='lat' dir='ltr'><strong>mus,</strong></span> <span class='ocrx_word' id='word_1_14' title='bbox 441 599 628 662; x_wconf 90' lang='lat' dir='ltr'><strong>Wellensis</strong></span> <span class='ocrx_word' id='word_1_15' title='bbox 643 601 826 680; x_wconf 89' lang='lat' dir='ltr'><strong>episcopus</strong></span> <span class='ocrx_word' id='word_1_16' title='bbox 843 605 901 662; x_wconf 80' lang='lat' dir='ltr'><strong>v²¹³.</strong></span> 
     </span>
     <span class='ocr_line' id='line_1_4' title="bbox 196 693 1294 778; baseline -0.002 -23"><span class='ocrx_word' id='word_1_17' title='bbox 196 717 309 756; x_wconf 67' lang='lat' dir='ltr'><strong>nonu.</strong></span> <span class='ocrx_word' id='word_1_18' title='bbox 393 697 565 760; x_wconf 90' lang='lat' dir='ltr'><strong>AElssinus</strong></span> <span class='ocrx_word' id='word_1_19' title='bbox 590 697 867 761; x_wconf 89' lang='lat' dir='ltr'><strong>Dorubernensis</strong></span> <span class='ocrx_word' id='word_1_20' title='bbox 898 697 1188 778; x_wconf 84' lang='lat' dir='ltr'><strong>archiepiscopus,</strong></span> <span class='ocrx_word' id='word_1_21' title='bbox 1211 693 1294 754; x_wconf 89' lang='lat' dir='ltr'><strong>dum</strong></span> 
     </span>
    </p>
   </div>
   <div class='ocr_carea' id='block_1_3' title="bbox 177 781 1292 881">
    <p class='ocr_par' dir='ltr' id='par_1_3' title="bbox 177 781 1292 881">
     <span class='ocr_line' id='line_1_5' title="bbox 177 781 1292 881; baseline -0.009 -20"><span class='ocrx_word' id='word_1_22' title='bbox 177 781 329 881; x_wconf 51' lang='lat' dir='ltr'><strong>sslffl‘ff‘</strong></span> <span class='ocrx_word' id='word_1_23' title='bbox 345 795 495 858; x_wconf 84' lang='lat' dir='ltr'>Romam</span> <span class='ocrx_word' id='word_1_24' title='bbox 522 815 585 878; x_wconf 90' lang='lat' dir='ltr'><strong>pro</strong></span> <span class='ocrx_word' id='word_1_25' title='bbox 611 795 759 878; x_wconf 90' lang='lat' dir='ltr'><strong>petendo</strong></span> <span class='ocrx_word' id='word_1_26' title='bbox 783 797 891 879; x_wconf 90' lang='lat' dir='ltr'><strong>pallio</strong></span> <span class='ocrx_word' id='word_1_27' title='bbox 913 795 1082 869; x_wconf 85' lang='lat' dir='ltr'>tenderet,</span> <span class='ocrx_word' id='word_1_28' title='bbox 1099 794 1134 856; x_wconf 89' lang='lat' dir='ltr'><strong>in</strong></span> <span class='ocrx_word' id='word_1_29' title='bbox 1155 791 1292 872; x_wconf 79' lang='lat' dir='ltr'><strong>Alpinis</strong></span> 
     </span>
    </p>
   </div>
   <div class='ocr_carea' id='block_1_4' title="bbox 177 881 1293 1951">
    <p class='ocr_par' dir='ltr' id='par_1_4' title="bbox 177 881 1293 1951">
     <span class='ocr_line' id='line_1_6' title="bbox 177 881 1292 976; baseline -0.004 -20"><span class='ocrx_word' id='word_1_30' title='bbox 177 881 284 970; x_wconf 55' lang='lat' dir='ltr'><strong>{m}</strong></span> <span class='ocrx_word' id='word_1_31' title='bbox 342 895 518 958; x_wconf 91' lang='lat' dir='ltr'><strong>montibus</strong></span> <span class='ocrx_word' id='word_1_32' title='bbox 536 896 616 976; x_wconf 85' lang='lat' dir='ltr'><strong>gelu</strong></span> <span class='ocrx_word' id='word_1_33' title='bbox 642 897 789 975; x_wconf 84' lang='lat' dir='ltr'><strong>niveque</strong></span> <span class='ocrx_word' id='word_1_34' title='bbox 812 894 998 957; x_wconf 87' lang='lat' dir='ltr'><strong>obstrictus</strong></span> <span class='ocrx_word' id='word_1_35' title='bbox 1014 889 1162 954; x_wconf 86' lang='lat' dir='ltr'><strong>defecit.¹</strong></span> <span class='ocrx_word' id='word_1_36' title='bbox 1214 889 1292 952; x_wconf 85' lang='lat' dir='ltr'><strong>Rex</strong></span> 
     </span>
     <span class='ocr_line' id='line_1_7' title="bbox 178 979 1293 1069; baseline -0.008 -12"><span class='ocrx_word' id='word_1_37' title='bbox 178 979 277 1030; x_wconf 69' lang='lat'><strong>³⁸⁴¹&#39;¹⁸³</strong></span> <span class='ocrx_word' id='word_1_38' title='bbox 343 993 641 1057; x_wconf 86' lang='lat' dir='ltr'><strong>West-Saxonum</strong></span> <span class='ocrx_word' id='word_1_39' title='bbox 657 993 833 1066; x_wconf 80' lang='lat' dir='ltr'><strong>Eadwius,</strong></span> <span class='ocrx_word' id='word_1_40' title='bbox 849 1008 897 1053; x_wconf 84' lang='grc' dir='ltr'><strong>ιν.</strong></span> <span class='ocrx_word' id='word_1_41' title='bbox 914 990 1014 1052; x_wconf 88' lang='lat' dir='ltr'><strong>annis</strong></span> <span class='ocrx_word' id='word_1_42' title='bbox 1032 990 1130 1069; x_wconf 84' lang='lat' dir='ltr'><strong>regni</strong></span> <span class='ocrx_word' id='word_1_43' title='bbox 1145 988 1199 1051; x_wconf 89' lang='lat' dir='ltr'><strong>sui</strong></span> <span class='ocrx_word' id='word_1_44' title='bbox 1215 1006 1293 1068; x_wconf 89' lang='lat' dir='ltr'><strong>per-</strong></span> 
     </span>
     <span class='ocr_line' id='line_1_8' title="bbox 344 1085 1292 1166; baseline -0.006 -13"><span class='ocrx_word' id='word_1_45' title='bbox 344 1093 442 1166; x_wconf 76' lang='lat' dir='ltr'><strong>actiS,</strong></span> <span class='ocrx_word' id='word_1_46' title='bbox 458 1092 652 1164; x_wconf 84' lang='lat' dir='ltr'><strong>defunctus,</strong></span> <span class='ocrx_word' id='word_1_47' title='bbox 672 1090 860 1152; x_wconf 85' lang='lat' dir='ltr'><strong>Wintoniae</strong></span> <span class='ocrx_word' id='word_1_48' title='bbox 887 1089 923 1151; x_wconf 92' lang='lat' dir='ltr'><strong>in</strong></span> <span class='ocrx_word' id='word_1_49' title='bbox 950 1086 1055 1151; x_wconf 94' lang='lat' dir='ltr'><strong>Novo</strong></span> <span class='ocrx_word' id='word_1_50' title='bbox 1081 1085 1292 1149; x_wconf 87' lang='lat' dir='ltr'><strong>Monasterio</strong></span> 
     </span>
     <span class='ocr_line' id='line_1_9' title="bbox 343 1187 1291 1267; baseline -0.005 -17"><span class='ocrx_word' id='word_1_51' title='bbox 343 1196 395 1250; x_wconf 89' lang='lat' dir='ltr'><strong>est</strong></span> <span class='ocrx_word' id='word_1_52' title='bbox 410 1189 589 1267; x_wconf 80' lang='lat' dir='ltr'><strong>sepultus3</strong></span> <span class='ocrx_word' id='word_1_53' title='bbox 614 1187 713 1267; x_wconf 87' lang='lat' dir='ltr'><strong>eujus</strong></span> <span class='ocrx_word' id='word_1_54' title='bbox 737 1205 883 1266; x_wconf 86' lang='lat' dir='ltr'><strong>regnum</strong></span> <span class='ocrx_word' id='word_1_55' title='bbox 907 1206 992 1249; x_wconf 88' lang='lat' dir='ltr'><strong>suus</strong></span> <span class='ocrx_word' id='word_1_56' title='bbox 1015 1203 1211 1267; x_wconf 83' lang='lat' dir='ltr'><strong>germanus,</strong></span> <span class='ocrx_word' id='word_1_57' title='bbox 1227 1202 1291 1246; x_wconf 80' lang='lat' dir='ltr'><strong>rex</strong></span> 
     </span>
     <span class='ocr_line' id='line_1_10' title="bbox 177 1282 1293 1364; baseline -0.002 -19"><span class='ocrx_word' id='word_1_58' title='bbox 177 1306 298 1345; x_wconf 63' lang='lat' dir='ltr'><strong>summan</strong></span> <span class='ocrx_word' id='word_1_59' title='bbox 344 1285 576 1347; x_wconf 89' lang='lat' dir='ltr'><strong>Mercensium</strong></span> <span class='ocrx_word' id='word_1_60' title='bbox 605 1284 799 1364; x_wconf 81' lang='lat' dir='ltr'><strong>Eadgarus,</strong></span> <span class='ocrx_word' id='word_1_61' title='bbox 826 1285 869 1346; x_wconf 88' lang='lat' dir='ltr'><strong>ab</strong></span> <span class='ocrx_word' id='word_1_62' title='bbox 898 1285 991 1347; x_wconf 91' lang='lat' dir='ltr'><strong>omni</strong></span> <span class='ocrx_word' id='word_1_63' title='bbox 1016 1282 1205 1364; x_wconf 75' lang='lat' dir='ltr'><strong>Anglorum</strong></span> <span class='ocrx_word' id='word_1_64' title='bbox 1231 1300 1293 1362; x_wconf 92' lang='lat' dir='ltr'><strong>po·</strong></span> 
     </span>
     <span class='ocr_line' id='line_1_11' title="bbox 178 1356 1292 1463; baseline -0.002 -19"><span class='ocrx_word' id='word_1_65' title='bbox 178 1356 299 1405; x_wconf 60' lang='lat'><strong>⁰¹⁸⁸⁶⁸⁸⁵</strong></span> <span class='ocrx_word' id='word_1_66' title='bbox 344 1381 425 1463; x_wconf 92' lang='lat' dir='ltr'><strong>pulo</strong></span> <span class='ocrx_word' id='word_1_67' title='bbox 438 1382 583 1457; x_wconf 84' lang='lat' dir='ltr'><strong>electus,</strong></span> <span class='ocrx_word' id='word_1_68' title='bbox 594 1401 684 1445; x_wconf 86' lang='lat' dir='ltr'><strong>anno</strong></span> <span class='ocrx_word' id='word_1_69' title='bbox 701 1383 816 1445; x_wconf 87' lang='lat' dir='ltr'><strong>aetatis</strong></span> <span class='ocrx_word' id='word_1_70' title='bbox 830 1402 904 1445; x_wconf 85' lang='lat' dir='ltr'><strong>suae</strong></span> <span class='ocrx_word' id='word_1_71' title='bbox 915 1386 1019 1456; x_wconf 58' lang='lat' dir='ltr'><strong>xvst,</strong></span> <span class='ocrx_word' id='word_1_72' title='bbox 1031 1381 1200 1444; x_wconf 85' lang='lat' dir='ltr'><strong>adventus</strong></span> <span class='ocrx_word' id='word_1_73' title='bbox 1209 1398 1292 1442; x_wconf 88' lang='lat' dir='ltr'><strong>vero</strong></span> 
     </span>
     <span class='ocr_line' id='line_1_12' title="bbox 343 1479 1293 1561; baseline -0.004 -18"><span class='ocrx_word' id='word_1_74' title='bbox 343 1479 538 1560; x_wconf 78' lang='lat' dir='ltr'><strong>Anglorum</strong></span> <span class='ocrx_word' id='word_1_75' title='bbox 564 1481 598 1542; x_wconf 93' lang='lat' dir='ltr'><strong>in</strong></span> <span class='ocrx_word' id='word_1_76' title='bbox 619 1480 837 1543; x_wconf 84' lang='lat' dir='ltr'><strong>Britanniam</strong></span> <span class='ocrx_word' id='word_1_77' title='bbox 859 1479 1135 1561; x_wconf 84' lang='lat' dir='ltr'><strong>quingentesimo</strong></span> <span class='ocrx_word' id='word_1_78' title='bbox 1151 1479 1293 1554; x_wconf 89' lang='lat' dir='ltr'><strong>decimo,</strong></span> 
     </span>
     <span class='ocr_line' id='line_1_13' title="bbox 342 1578 1292 1660; baseline -0.002 -20"><span class='ocrx_word' id='word_1_79' title='bbox 342 1579 582 1642; x_wconf 88' lang='lat' dir='ltr'><strong>trecentesimo</strong></span> <span class='ocrx_word' id='word_1_80' title='bbox 612 1586 729 1641; x_wconf 89' lang='lat' dir='ltr'><strong>autem</strong></span> <span class='ocrx_word' id='word_1_81' title='bbox 759 1580 980 1660; x_wconf 80' lang='lat' dir='ltr'><strong>sexagesimo</strong></span> <span class='ocrx_word' id='word_1_82' title='bbox 1015 1578 1117 1641; x_wconf 88' lang='lat' dir='ltr'><strong>tertio</strong></span> <span class='ocrx_word' id='word_1_83' title='bbox 1152 1596 1194 1640; x_wconf 89' lang='lat' dir='ltr'><strong>ex</strong></span> <span class='ocrx_word' id='word_1_84' title='bbox 1223 1595 1292 1656; x_wconf 91' lang='lat' dir='ltr'><strong>quo</strong></span> 
     </span>
     <span class='ocr_line' id='line_1_14' title="bbox 342 1676 1293 1759; baseline -0.001 -21"><span class='ocrx_word' id='word_1_85' title='bbox 342 1685 484 1739; x_wconf 90' lang='lat' dir='ltr'><strong>sauctus</strong></span> <span class='ocrx_word' id='word_1_86' title='bbox 500 1677 721 1758; x_wconf 80' lang='lat' dir='ltr'><strong>Augustinus</strong></span> <span class='ocrx_word' id='word_1_87' title='bbox 744 1686 779 1740; x_wconf 93' lang='lat' dir='ltr'><strong>et</strong></span> <span class='ocrx_word' id='word_1_88' title='bbox 801 1679 887 1741; x_wconf 89' lang='lat' dir='ltr'><strong>socii</strong></span> <span class='ocrx_word' id='word_1_89' title='bbox 910 1678 987 1759; x_wconf 86' lang='lat' dir='ltr'><strong>ejus</strong></span> <span class='ocrx_word' id='word_1_90' title='bbox 1011 1676 1172 1757; x_wconf 84' lang='lat' dir='ltr'><strong>Angliam</strong></span> <span class='ocrx_word' id='word_1_91' title='bbox 1190 1695 1293 1738; x_wconf 91' lang='lat' dir='ltr'><strong>vene·</strong></span> 
     </span>
     <span class='ocr_line' id='line_1_15' title="bbox 341 1772 1292 1856; baseline -0.002 -21"><span class='ocrx_word' id='word_1_92' title='bbox 341 1782 434 1849; x_wconf 91' lang='lat' dir='ltr'><strong>runt,</strong></span> <span class='ocrx_word' id='word_1_93' title='bbox 456 1777 620 1855; x_wconf 88' lang='lat' dir='ltr'><strong>suscepit,</strong></span> <span class='ocrx_word' id='word_1_94' title='bbox 636 1775 818 1854; x_wconf 89' lang='lat' dir='ltr'><strong>divisaque</strong></span> <span class='ocrx_word' id='word_1_95' title='bbox 840 1795 949 1856; x_wconf 82' lang='lat' dir='ltr'><strong>regna</strong></span> <span class='ocrx_word' id='word_1_96' title='bbox 971 1777 1006 1836; x_wconf 92' lang='lat' dir='ltr'><strong>in</strong></span> <span class='ocrx_word' id='word_1_97' title='bbox 1028 1794 1134 1837; x_wconf 92' lang='lat' dir='ltr'><strong>unum</strong></span> <span class='ocrx_word' id='word_1_98' title='bbox 1152 1772 1292 1852; x_wconf 89' lang='lat' dir='ltr'><strong>copula-</strong></span> 
     </span>
     <span class='ocr_line' id='line_1_16' title="bbox 179 1870 1292 1951; baseline 0.004 -24"><span class='ocrx_word' id='word_1_99' title='bbox 179 1889 306 1936; x_wconf 66' lang='lat' dir='ltr'><strong>syrsnnm</strong></span> <span class='ocrx_word' id='word_1_100' title='bbox 341 1871 404 1931; x_wconf 90' lang='lat' dir='ltr'><strong>vit.</strong></span> <span class='ocrx_word' id='word_1_101' title='bbox 471 1870 719 1950; x_wconf 87' lang='lat' dir='ltr'><strong>Byrhthelmus</strong></span> <span class='ocrx_word' id='word_1_102' title='bbox 758 1871 1072 1934; x_wconf 86' lang='lat' dir='ltr'><strong>Sumorsetensium</strong></span> <span class='ocrx_word' id='word_1_103' title='bbox 1111 1870 1292 1951; x_wconf 89' lang='lat' dir='ltr'><strong>episcopus</strong></span> 
     </span>
    </p>
   </div>
   <div class='ocr_carea' id='block_1_5' title="bbox 178 1937 333 1987">
    <p class='ocr_par' dir='ltr' id='par_1_5' title="bbox 178 1937 333 1987">
     <span class='ocr_line' id='line_1_17' title="bbox 178 1937 333 1987; baseline 0 -11"><span class='ocrx_word' id='word_1_104' title='bbox 178 1940 242 1977; x_wconf 73' lang='lat' dir='ltr'><strong>mede</strong></span> <span class='ocrx_word' id='word_1_105' title='bbox 250 1941 298 1987; x_wconf 79' lang='lat' dir='ltr'><strong>abp.</strong></span> <span class='ocrx_word' id='word_1_106' title='bbox 308 1937 333 1976; x_wconf 80' lang='lat' dir='ltr'><strong>of</strong></span> 
     </span>
    </p>
   </div>
   <div class='ocr_carea' id='block_1_6' title="bbox 178 1966 1301 2049">
    <p class='ocr_par' dir='ltr' id='par_1_6' title="bbox 178 1966 1301 2049">
     <span class='ocr_line' id='line_1_18' title="bbox 178 1966 1301 2049; baseline 0.004 -23"><span class='ocrx_word' id='word_1_107' title='bbox 178 1989 319 2035; x_wconf 62' lang='lat' dir='ltr'><strong>cantarum</strong></span> <span class='ocrx_word' id='word_1_108' title='bbox 342 1966 387 2029; x_wconf 84' lang='lat' dir='ltr'><strong>ud</strong></span> <span class='ocrx_word' id='word_1_109' title='bbox 417 1967 736 2049; x_wconf 87' lang='lat' dir='ltr'><strong>archipraesulatum</strong></span> <span class='ocrx_word' id='word_1_110' title='bbox 755 1967 964 2031; x_wconf 84' lang='lat' dir='ltr'><strong>Cantwariae</strong></span> <span class='ocrx_word' id='word_1_111' title='bbox 988 1968 1080 2031; x_wconf 90' lang='lat' dir='ltr'><strong>sedis</strong></span> <span class='ocrx_word' id='word_1_112' title='bbox 1110 1968 1301 2048; x_wconf 79' lang='lat' dir='ltr'><strong>deligitur3-</strong></span> 
     </span>
    </p>
   </div>
   <div class='ocr_carea' id='block_1_7' title="bbox 177 2036 1290 2147">
    <p class='ocr_par' dir='ltr' id='par_1_7' title="bbox 177 2036 1290 2147">
     <span class='ocr_line' id='line_1_19' title="bbox 178 2036 1156 2085; baseline 0.005 -10"><span class='ocrx_word' id='word_1_113' title='bbox 178 2036 329 2085; x_wconf 67' lang='lat' dir='ltr'><strong>dependenti</strong></span> <span class='ocrx_word' id='word_1_114' title='bbox 488 2066 495 2080; x_wconf 92' lang='lat'><strong>.</strong></span> <span class='ocrx_word' id='word_1_115' title='bbox 937 2067 944 2080; x_wconf 93' lang='lat'><strong>.</strong></span> <span class='ocrx_word' id='word_1_116' title='bbox 1149 2067 1156 2080; x_wconf 89' lang='lat'>.</span> 
     </span>
     <span class='ocr_line' id='line_1_20' title="bbox 177 2065 1290 2147; baseline 0.004 -24"><span class='ocrx_word' id='word_1_117' title='bbox 177 2087 328 2135; x_wconf 73' lang='lat' dir='ltr'><strong>succeededbv</strong></span> <span class='ocrx_word' id='word_1_118' title='bbox 343 2065 404 2127; x_wconf 90' lang='lat' dir='ltr'><strong>sed</strong></span> <span class='ocrx_word' id='word_1_119' title='bbox 437 2085 521 2147; x_wconf 74' lang='lat' dir='ltr'><strong>quia</strong></span> <span class='ocrx_word' id='word_1_120' title='bbox 553 2067 596 2129; x_wconf 93' lang='lat' dir='ltr'><strong>ad</strong></span> <span class='ocrx_word' id='word_1_121' title='bbox 628 2074 761 2129; x_wconf 90' lang='lat' dir='ltr'><strong>tantam</strong></span> <span class='ocrx_word' id='word_1_122' title='bbox 793 2086 867 2129; x_wconf 89' lang='lat' dir='ltr'><strong>rem</strong></span> <span class='ocrx_word' id='word_1_123' title='bbox 899 2086 1012 2129; x_wconf 88' lang='lat' dir='ltr'><strong>mmus</strong></span> <span class='ocrx_word' id='word_1_124' title='bbox 1042 2073 1118 2129; x_wconf 88' lang='lat' dir='ltr'><strong>erat</strong></span> <span class='ocrx_word' id='word_1_125' title='bbox 1145 2068 1290 2129; x_wconf 78' lang='lat' dir='ltr'><strong>idoneus</strong></span> 
     </span>
    </p>
   </div>
   <div class='ocr_carea' id='block_1_8' title="bbox 178 2136 1295 3215">
    <p class='ocr_par' dir='ltr' id='par_1_8' title="bbox 179 2136 1294 3027">
     <span class='ocr_line' id='line_1_21' title="bbox 179 2136 1292 2245; baseline 0.002 -22"><span class='ocrx_word' id='word_1_126' title='bbox 179 2136 287 2176; x_wconf 55' lang='lat' dir='ltr'><strong>Dum</strong></span> <span class='ocrx_word' id='word_1_127' title='bbox 339 2162 472 2243; x_wconf 90' lang='lat' dir='ltr'><strong>judicio</strong></span> <span class='ocrx_word' id='word_1_128' title='bbox 501 2162 679 2239; x_wconf 68' lang='lat' dir='ltr'><strong>omnium,2</strong></span> <span class='ocrx_word' id='word_1_129' title='bbox 710 2164 754 2226; x_wconf 86' lang='lat' dir='ltr'><strong>ad</strong></span> <span class='ocrx_word' id='word_1_130' title='bbox 790 2165 946 2226; x_wconf 90' lang='lat' dir='ltr'><strong>relictam</strong></span> <span class='ocrx_word' id='word_1_131' title='bbox 976 2183 1087 2245; x_wconf 86' lang='lat' dir='ltr'><strong>nuper</strong></span> <span class='ocrx_word' id='word_1_132' title='bbox 1112 2164 1292 2226; x_wconf 89' lang='lat' dir='ltr'><strong>eeclesiam</strong></span> 
     </span>
     <span class='ocr_line' id='line_1_22' title="bbox 343 2260 1292 2336; baseline 0.004 -16"><span class='ocrx_word' id='word_1_133' title='bbox 343 2278 442 2321; x_wconf 91' lang='lat' dir='ltr'><strong>suam</strong></span> <span class='ocrx_word' id='word_1_134' title='bbox 454 2261 568 2323; x_wconf 87' lang='lat' dir='ltr'><strong>rediit.</strong></span> <span class='ocrx_word' id='word_1_135' title='bbox 619 2260 755 2323; x_wconf 91' lang='lat' dir='ltr'><strong>Dehinc</strong></span> <span class='ocrx_word' id='word_1_136' title='bbox 771 2261 896 2322; x_wconf 89' lang='lat' dir='ltr'><strong>beatus</strong></span> <span class='ocrx_word' id='word_1_137' title='bbox 910 2260 1129 2336; x_wconf 90' lang='lat' dir='ltr'><strong>Dunstanus,</strong></span> <span class='ocrx_word' id='word_1_138' title='bbox 1139 2260 1292 2324; x_wconf 87' lang='lat' dir='ltr'><strong>Athelmi</strong></span> 
     </span>
     <span class='ocr_line' id='line_1_23' title="bbox 341 2356 1294 2439; baseline 0.004 -22"><span class='ocrx_word' id='word_1_139' title='bbox 341 2356 593 2439; x_wconf 87' lang='lat' dir='ltr'><strong>archiepiscopi</strong></span> <span class='ocrx_word' id='word_1_140' title='bbox 606 2376 652 2419; x_wconf 84' lang='lat' dir='ltr'><strong>ex</strong></span> <span class='ocrx_word' id='word_1_141' title='bbox 674 2357 781 2420; x_wconf 85' lang='lat' dir='ltr'><strong>fratre</strong></span> <span class='ocrx_word' id='word_1_142' title='bbox 805 2377 926 2439; x_wconf 91' lang='lat' dir='ltr'><strong>nepos,</strong></span> <span class='ocrx_word' id='word_1_143' title='bbox 949 2356 1153 2421; x_wconf 84' lang='lat' dir='ltr'><strong>Glaestoniae</strong></span> <span class='ocrx_word' id='word_1_144' title='bbox 1174 2359 1294 2434; x_wconf 85' lang='lat' dir='ltr'><strong>abbas,</strong></span> 
     </span>
     <span class='ocr_line' id='line_1_24' title="bbox 342 2454 1291 2537; baseline 0.004 -22"><span class='ocrx_word' id='word_1_145' title='bbox 342 2460 422 2534; x_wconf 88' lang='lat' dir='ltr'><strong>post</strong></span> <span class='ocrx_word' id='word_1_146' title='bbox 434 2455 673 2518; x_wconf 85' lang='lat' dir='ltr'><strong>Hwicciorum</strong></span> <span class='ocrx_word' id='word_1_147' title='bbox 685 2463 721 2519; x_wconf 88' lang='lat' dir='ltr'><strong>et</strong></span> <span class='ocrx_word' id='word_1_148' title='bbox 732 2454 1030 2518; x_wconf 88' lang='lat' dir='ltr'><strong>Lundoniensium</strong></span> <span class='ocrx_word' id='word_1_149' title='bbox 1045 2457 1236 2537; x_wconf 88' lang='lat' dir='ltr'><strong>episcopus,</strong></span> <span class='ocrx_word' id='word_1_150' title='bbox 1247 2476 1291 2519; x_wconf 87' lang='lat' dir='ltr'><strong>ex</strong></span> 
     </span>
     <span class='ocr_line' id='line_1_25' title="bbox 342 2552 1292 2635; baseline 0.003 -22"><span class='ocrx_word' id='word_1_151' title='bbox 342 2560 503 2634; x_wconf 88' lang='lat' dir='ltr'><strong>respectu</strong></span> <span class='ocrx_word' id='word_1_152' title='bbox 544 2552 660 2616; x_wconf 89' lang='lat' dir='ltr'><strong>divino</strong></span> <span class='ocrx_word' id='word_1_153' title='bbox 695 2560 731 2616; x_wconf 91' lang='lat' dir='ltr'><strong>et</strong></span> <span class='ocrx_word' id='word_1_154' title='bbox 759 2555 957 2635; x_wconf 90' lang='lat' dir='ltr'><strong>sapientum</strong></span> <span class='ocrx_word' id='word_1_155' title='bbox 988 2554 1144 2630; x_wconf 91' lang='lat' dir='ltr'><strong>consilio,</strong></span> <span class='ocrx_word' id='word_1_156' title='bbox 1173 2556 1292 2635; x_wconf 87' lang='lat' dir='ltr'><strong>primae</strong></span> 
     </span>
     <span class='ocr_line' id='line_1_26' title="bbox 342 2650 1293 2734; baseline 0.002 -22"><span class='ocrx_word' id='word_1_157' title='bbox 342 2651 544 2731; x_wconf 85' lang='lat' dir='ltr'><strong>metropolis</strong></span> <span class='ocrx_word' id='word_1_158' title='bbox 569 2650 765 2731; x_wconf 83' lang='lat' dir='ltr'><strong>Anglorum</strong></span> <span class='ocrx_word' id='word_1_159' title='bbox 792 2653 922 2732; x_wconf 90' lang='lat' dir='ltr'><strong>primas</strong></span> <span class='ocrx_word' id='word_1_160' title='bbox 951 2659 986 2714; x_wconf 89' lang='lat' dir='ltr'><strong>et</strong></span> <span class='ocrx_word' id='word_1_161' title='bbox 1015 2652 1212 2734; x_wconf 87' lang='lat' dir='ltr'><strong>patriarcha</strong></span> <span class='ocrx_word' id='word_1_162' title='bbox 1239 2653 1293 2714; x_wconf 92' lang='lat' dir='ltr'><strong>in·</strong></span> 
     </span>
     <span class='ocr_line' id='line_1_27' title="bbox 342 2749 1293 2831; baseline 0.002 -21"><span class='ocrx_word' id='word_1_163' title='bbox 342 2749 521 2812; x_wconf 90' lang='lat' dir='ltr'><strong>stituitur:</strong></span> <span class='ocrx_word' id='word_1_164' title='bbox 546 2768 569 2810; x_wconf 93' lang='lat' dir='ltr'><strong>a</strong></span> <span class='ocrx_word' id='word_1_165' title='bbox 594 2768 663 2830; x_wconf 92' lang='lat' dir='ltr'><strong>quo</strong></span> <span class='ocrx_word' id='word_1_166' title='bbox 686 2756 723 2811; x_wconf 92' lang='lat' dir='ltr'><strong>et</strong></span> <span class='ocrx_word' id='word_1_167' title='bbox 744 2751 880 2813; x_wconf 87' lang='lat' dir='ltr'><strong>caeteris</strong></span> <span class='ocrx_word' id='word_1_168' title='bbox 897 2750 1112 2831; x_wconf 87' lang='lat' dir='ltr'><strong>sapientibus</strong></span> <span class='ocrx_word' id='word_1_169' title='bbox 1133 2751 1207 2831; x_wconf 90' lang='lat' dir='ltr'><strong>ipse</strong></span> <span class='ocrx_word' id='word_1_170' title='bbox 1228 2769 1293 2813; x_wconf 82' lang='lat' dir='ltr'><strong>rex</strong></span> 
     </span>
     <span class='ocr_line' id='line_1_28' title="bbox 340 2845 1293 2929; baseline 0.002 -21"><span class='ocrx_word' id='word_1_171' title='bbox 340 2845 535 2926; x_wconf 82' lang='lat' dir='ltr'><strong>Anglorum</strong></span> <span class='ocrx_word' id='word_1_172' title='bbox 555 2846 737 2927; x_wconf 81' lang='lat' dir='ltr'><strong>Eadgarus</strong></span> <span class='ocrx_word' id='word_1_173' title='bbox 757 2847 919 2911; x_wconf 87' lang='lat' dir='ltr'><strong>decenter</strong></span> <span class='ocrx_word' id='word_1_174' title='bbox 943 2848 1148 2923; x_wconf 89' lang='lat' dir='ltr'><strong>instructus,</strong></span> <span class='ocrx_word' id='word_1_175' title='bbox 1164 2849 1293 2929; x_wconf 89' lang='lat' dir='ltr'><strong>passim</strong></span> 
     </span>
     <span class='ocr_line' id='line_1_29' title="bbox 339 2943 1294 3027; baseline 0.005 -24"><span class='ocrx_word' id='word_1_176' title='bbox 339 2943 517 3025; x_wconf 90' lang='lat' dir='ltr'><strong>improbos</strong></span> <span class='ocrx_word' id='word_1_177' title='bbox 542 2945 726 3025; x_wconf 87' lang='lat' dir='ltr'><strong>oppressit,</strong></span> <span class='ocrx_word' id='word_1_178' title='bbox 750 2945 896 3008; x_wconf 85' lang='lat' dir='ltr'><strong>rebelles</strong></span> <span class='ocrx_word' id='word_1_179' title='bbox 923 2946 989 3008; x_wconf 91' lang='lat' dir='ltr'><strong>sub</strong></span> <span class='ocrx_word' id='word_1_180' title='bbox 1007 2947 1206 3027; x_wconf 86' lang='lat' dir='ltr'><strong>asperitatis</strong></span> <span class='ocrx_word' id='word_1_181' title='bbox 1221 2965 1294 3008; x_wconf 90' lang='lat' dir='ltr'><strong>cor·</strong></span> 
     </span>
    </p>

    <p class='ocr_par' dir='ltr' id='par_1_9' title="bbox 178 3042 1295 3215">
     <span class='ocr_line' id='line_1_30' title="bbox 240 3042 1295 3125; baseline 0.005 -24"><span class='ocrx_word' id='word_1_182' title='bbox 240 3122 241 3125; x_wconf 8' lang='grc' dir='ltr'><strong>Ἴ</strong></span> <span class='ocrx_word' id='word_1_183' title='bbox 339 3043 492 3104; x_wconf 88' lang='lat' dir='ltr'><strong>rectione</strong></span> <span class='ocrx_word' id='word_1_184' title='bbox 527 3043 717 3122; x_wconf 86' lang='lat' dir='ltr'><strong>redarguit,</strong></span> <span class='ocrx_word' id='word_1_185' title='bbox 746 3042 863 3123; x_wconf 90' lang='lat' dir='ltr'><strong>justos</strong></span> <span class='ocrx_word' id='word_1_186' title='bbox 891 3050 927 3106; x_wconf 88' lang='lat' dir='ltr'><strong>et</strong></span> <span class='ocrx_word' id='word_1_187' title='bbox 954 3043 1129 3106; x_wconf 90' lang='lat' dir='ltr'><strong>modestos</strong></span> <span class='ocrx_word' id='word_1_188' title='bbox 1160 3043 1295 3120; x_wconf 83' lang='lat' dir='ltr'><strong>dilexit,</strong></span> 
     </span>
     <span class='ocr_line' id='line_1_31' title="bbox 178 3138 1294 3215; baseline 0.008 -21"><span class='ocrx_word' id='word_1_189' title='bbox 178 3155 316 3194; x_wconf 62' lang='lat' dir='ltr'><strong>pestorani</strong></span> <span class='ocrx_word' id='word_1_190' title='bbox 339 3138 535 3202; x_wconf 89' lang='lat' dir='ltr'><strong>destructas</strong></span> <span class='ocrx_word' id='word_1_191' title='bbox 554 3140 621 3202; x_wconf 88' lang='lat' dir='ltr'><strong>Dei</strong></span> <span class='ocrx_word' id='word_1_192' title='bbox 641 3139 807 3202; x_wconf 89' lang='lat' dir='ltr'><strong>ecclesias</strong></span> <span class='ocrx_word' id='word_1_193' title='bbox 832 3142 1014 3204; x_wconf 88' lang='lat' dir='ltr'><strong>renovavit</strong></span> <span class='ocrx_word' id='word_1_194' title='bbox 1028 3148 1064 3203; x_wconf 90' lang='lat' dir='ltr'><strong>et</strong></span> <span class='ocrx_word' id='word_1_195' title='bbox 1081 3142 1217 3215; x_wconf 86' lang='lat' dir='ltr'><strong>ditavit,</strong></span> <span class='ocrx_word' id='word_1_196' title='bbox 1233 3142 1294 3203; x_wconf 87' lang='lat' dir='ltr'><strong>ab·</strong></span> 
     </span>
    </p>
   </div>
   <div class='ocr_carea' id='block_1_9' title="bbox 177 3206 350 3248">
    <p class='ocr_par' dir='ltr' id='par_1_10' title="bbox 177 3206 350 3248">
     <span class='ocr_line' id='line_1_32' title="bbox 177 3206 350 3248; baseline 0.006 -4"><span class='ocrx_word' id='word_1_197' title='bbox 177 3206 201 3244; x_wconf 79' lang='lat' dir='ltr'><strong>ot</strong></span> <span class='ocrx_word' id='word_1_198' title='bbox 208 3207 312 3244; x_wconf 81' lang='lat' dir='ltr'><strong>churelres</strong></span> <span class='ocrx_word' id='word_1_199' title='bbox 343 3235 350 3248; x_wconf 87' lang='lat'><strong>.</strong></span> 
     </span>
    </p>
   </div>
   <div class='ocr_carea' id='block_1_10' title="bbox 177 3238 1293 3316">
    <p class='ocr_par' dir='ltr' id='par_1_11' title="bbox 177 3238 1293 3316">
     <span class='ocr_line' id='line_1_33' title="bbox 177 3238 1293 3316; baseline 0.008 -24"><span class='ocrx_word' id='word_1_200' title='bbox 177 3256 314 3294; x_wconf 66' lang='lat' dir='ltr'><strong>ammonu-</strong></span> <span class='ocrx_word' id='word_1_201' title='bbox 335 3238 441 3316; x_wconf 83' lang='lat' dir='ltr'><strong>Jectis</strong></span> <span class='ocrx_word' id='word_1_202' title='bbox 459 3256 504 3299; x_wconf 90' lang='lat' dir='ltr'><strong>ex</strong></span> <span class='ocrx_word' id='word_1_203' title='bbox 529 3239 695 3300; x_wconf 89' lang='lat' dir='ltr'><strong>coenobiis</strong></span> <span class='ocrx_word' id='word_1_204' title='bbox 715 3238 918 3300; x_wconf 90' lang='lat' dir='ltr'><strong>clericorum</strong></span> <span class='ocrx_word' id='word_1_205' title='bbox 945 3240 1068 3314; x_wconf 91' lang='lat' dir='ltr'><strong>neniis,</strong></span> <span class='ocrx_word' id='word_1_206' title='bbox 1090 3240 1135 3301; x_wconf 90' lang='lat' dir='ltr'><strong>ad</strong></span> <span class='ocrx_word' id='word_1_207' title='bbox 1158 3238 1293 3301; x_wconf 91' lang='lat' dir='ltr'><strong>laudem</strong></span> 
     </span>
    </p>
   </div>
   <div class='ocr_carea' id='block_1_11' title="bbox 178 3304 251 3342">
    <p class='ocr_par' dir='ltr' id='par_1_12' title="bbox 178 3304 251 3342">
     <span class='ocr_line' id='line_1_34' title="bbox 178 3304 251 3342; baseline 0.014 -1"><span class='ocrx_word' id='word_1_208' title='bbox 178 3304 251 3342; x_wconf 82' lang='lat' dir='ltr'><strong>teries.</strong></span> 
     </span>
    </p>
   </div>
   <div class='ocr_carea' id='block_1_12' title="bbox 263 3416 1300 4098">
    <p class='ocr_par' dir='ltr' id='par_1_13' title="bbox 263 3416 1300 4098">
     <span class='ocr_line' id='line_1_35' title="bbox 377 3416 1297 3484; baseline 0.008 -20"><span class='ocrx_word' id='word_1_209' title='bbox 377 3416 385 3445; x_wconf 95' lang='lat'>¹</span> <span class='ocrx_word' id='word_1_210' title='bbox 406 3419 546 3465; x_wconf 78' lang='lat' dir='ltr'><strong>Obstrietus</strong></span> <span class='ocrx_word' id='word_1_211' title='bbox 556 3419 665 3480; x_wconf 63' lang='lat' dir='ltr'><strong>defecit]</strong></span> <span class='ocrx_word' id='word_1_212' title='bbox 682 3420 806 3468; x_wconf 81' lang='lat' dir='ltr'><strong>Malmes-</strong></span> <span class='ocrx_word' id='word_1_213' title='bbox 832 3422 914 3469; x_wconf 83' lang='lat' dir='ltr'><strong>saneti</strong></span> <span class='ocrx_word' id='word_1_214' title='bbox 927 3419 1053 3484; x_wconf 89' lang='lat' dir='ltr'><strong>(Odonis)</strong></span> <span class='ocrx_word' id='word_1_215' title='bbox 1071 3423 1233 3483; x_wconf 83' lang='lat' dir='ltr'><strong>sepulchrum</strong></span> <span class='ocrx_word' id='word_1_216' title='bbox 1245 3423 1297 3471; x_wconf 91' lang='lat' dir='ltr'><strong>vio·</strong></span> 
     </span>
     <span class='ocr_line' id='line_1_36' title="bbox 340 3484 1297 3552; baseline 0.005 -18"><span class='ocrx_word' id='word_1_217' title='bbox 340 3489 406 3546; x_wconf 86' lang='lat' dir='ltr'><strong>bury</strong></span> <span class='ocrx_word' id='word_1_218' title='bbox 416 3486 470 3551; x_wconf 91' lang='lat' dir='ltr'><strong>(De</strong></span> <span class='ocrx_word' id='word_1_219' title='bbox 483 3487 558 3534; x_wconf 81' lang='lat' dir='ltr'><strong>Pont.</strong></span> <span class='ocrx_word' id='word_1_220' title='bbox 570 3485 615 3534; x_wconf 88' lang='lat' dir='ltr'><strong>lib.</strong></span> <span class='ocrx_word' id='word_1_221' title='bbox 627 3484 658 3549; x_wconf 74' lang='grc' dir='ltr'><strong>ι.)</strong></span> <span class='ocrx_word' id='word_1_222' title='bbox 670 3488 720 3535; x_wconf 88' lang='lat' dir='ltr'><strong>and</strong></span> <span class='ocrx_word' id='word_1_223' title='bbox 731 3489 805 3536; x_wconf 88' lang='lat' dir='ltr'><strong>Wen-</strong></span> <span class='ocrx_word' id='word_1_224' title='bbox 832 3489 913 3547; x_wconf 80' lang='lat' dir='ltr'><strong>larat3</strong></span> <span class='ocrx_word' id='word_1_225' title='bbox 933 3491 988 3549; x_wconf 89' lang='lat' dir='ltr'><strong>sed,</strong></span> <span class='ocrx_word' id='word_1_226' title='bbox 1007 3505 1054 3549; x_wconf 79' lang='lat' dir='ltr'><strong>nec</strong></span> <span class='ocrx_word' id='word_1_227' title='bbox 1074 3493 1111 3540; x_wconf 87' lang='lat' dir='ltr'><strong>sic</strong></span> <span class='ocrx_word' id='word_1_228' title='bbox 1131 3492 1216 3552; x_wconf 77' lang='lat' dir='ltr'><strong>algore</strong></span> <span class='ocrx_word' id='word_1_229' title='bbox 1236 3493 1297 3539; x_wconf 86' lang='lat' dir='ltr'><strong>deli·</strong></span> 
     </span>
     <span class='ocr_line' id='line_1_37' title="bbox 341 3552 1298 3621; baseline 0.006 -19"><span class='ocrx_word' id='word_1_230' title='bbox 341 3555 419 3602; x_wconf 86' lang='lat' dir='ltr'><strong>dover</strong></span> <span class='ocrx_word' id='word_1_231' title='bbox 436 3554 466 3619; x_wconf 91' lang='lat'><strong>(1.</strong></span> <span class='ocrx_word' id='word_1_232' title='bbox 476 3570 503 3614; x_wconf 88' lang='lat' dir='ltr'><strong>p.</strong></span> <span class='ocrx_word' id='word_1_233' title='bbox 516 3552 577 3615; x_wconf 81' lang='grc'>407)</span> <span class='ocrx_word' id='word_1_234' title='bbox 590 3555 678 3602; x_wconf 78' lang='lat' dir='ltr'><strong>inform</strong></span> <span class='ocrx_word' id='word_1_235' title='bbox 698 3556 806 3615; x_wconf 83' lang='lat' dir='ltr'><strong>us‚that</strong></span> <span class='ocrx_word' id='word_1_236' title='bbox 833 3559 916 3605; x_wconf 82' lang='lat' dir='ltr'><strong>ciente</strong></span> <span class='ocrx_word' id='word_1_237' title='bbox 939 3560 985 3607; x_wconf 87' lang='lat' dir='ltr'><strong>sed</strong></span> <span class='ocrx_word' id='word_1_238' title='bbox 1009 3560 1095 3619; x_wconf 85' lang='lat' dir='ltr'><strong>potius</strong></span> <span class='ocrx_word' id='word_1_239' title='bbox 1118 3560 1298 3621; x_wconf 80' lang='lat' dir='ltr'><strong>invalescente,</strong></span> 
     </span>
     <span class='ocr_line' id='line_1_38' title="bbox 341 3624 1296 3687; baseline 0.007 -17"><span class='ocrx_word' id='word_1_240' title='bbox 341 3624 458 3684; x_wconf 82' lang='lat' dir='ltr'><strong>AElfsige,</strong></span> <span class='ocrx_word' id='word_1_241' title='bbox 468 3624 544 3670; x_wconf 81' lang='lat' dir='ltr'><strong>when</strong></span> <span class='ocrx_word' id='word_1_242' title='bbox 555 3624 571 3649; x_wconf 79' lang='lat'><strong>‘⁴</strong></span> <span class='ocrx_word' id='word_1_243' title='bbox 580 3624 613 3670; x_wconf 83' lang='lat' dir='ltr'><strong>ad</strong></span> <span class='ocrx_word' id='word_1_244' title='bbox 630 3625 804 3682; x_wconf 84' lang='lat' dir='ltr'><strong>recipiendum</strong></span> <span class='ocrx_word' id='word_1_245' title='bbox 832 3627 910 3673; x_wconf 87' lang='lat' dir='ltr'><strong>vitam</strong></span> <span class='ocrx_word' id='word_1_246' title='bbox 931 3628 1083 3687; x_wconf 82' lang='lat' dir='ltr'><strong>flagitiosam</strong></span> <span class='ocrx_word' id='word_1_247' title='bbox 1101 3634 1181 3676; x_wconf 88' lang='lat' dir='ltr'><strong>morte</strong></span> <span class='ocrx_word' id='word_1_248' title='bbox 1202 3631 1296 3677; x_wconf 81' lang='lat' dir='ltr'><strong>misera</strong></span> 
     </span>
     <span class='ocr_line' id='line_1_39' title="bbox 263 3692 1300 3752; baseline 0.011 -18"><span class='ocrx_word' id='word_1_249' title='bbox 263 3728 266 3734; x_wconf 95' lang='lat'>.</span> <span class='ocrx_word' id='word_1_250' title='bbox 341 3693 448 3752; x_wconf 87' lang='lat' dir='ltr'><strong>pallium</strong></span> <span class='ocrx_word' id='word_1_251' title='bbox 469 3693 573 3740; x_wconf 85' lang='lat' dir='ltr'><strong>Romam</strong></span> <span class='ocrx_word' id='word_1_252' title='bbox 590 3707 637 3752; x_wconf 90' lang='lat' dir='ltr'><strong>per</strong></span> <span class='ocrx_word' id='word_1_253' title='bbox 647 3692 728 3752; x_wconf 88' lang='lat' dir='ltr'><strong>Alpes</strong></span> <span class='ocrx_word' id='word_1_254' title='bbox 746 3707 805 3740; x_wconf 92' lang='lat' dir='ltr'><strong>con·</strong></span> <span class='ocrx_word' id='word_1_255' title='bbox 832 3695 1004 3742; x_wconf 85' lang='lat' dir='ltr'><strong>terminavit.&#39;’</strong></span> <span class='ocrx_word' id='word_1_256' title='bbox 1040 3696 1090 3744; x_wconf 88' lang='lat' dir='ltr'><strong>For</strong></span> <span class='ocrx_word' id='word_1_257' title='bbox 1099 3698 1142 3745; x_wconf 85' lang='lat' dir='ltr'><strong>the</strong></span> <span class='ocrx_word' id='word_1_258' title='bbox 1153 3703 1260 3745; x_wconf 88' lang='lat' dir='ltr'><strong>account</strong></span> <span class='ocrx_word' id='word_1_259' title='bbox 1271 3697 1300 3744; x_wconf 83' lang='lat' dir='ltr'><strong>of</strong></span> 
     </span>
     <span class='ocr_line' id='line_1_40' title="bbox 340 3761 1296 3826; baseline 0.005 -19"><span class='ocrx_word' id='word_1_260' title='bbox 340 3762 469 3819; x_wconf 88' lang='lat' dir='ltr'><strong>tendebat,</strong></span> <span class='ocrx_word' id='word_1_261' title='bbox 485 3762 520 3808; x_wconf 90' lang='lat' dir='ltr'><strong>ibi</strong></span> <span class='ocrx_word' id='word_1_262' title='bbox 536 3761 614 3807; x_wconf 82' lang='lat' dir='ltr'><strong>nivali</strong></span> <span class='ocrx_word' id='word_1_263' title='bbox 622 3761 721 3822; x_wconf 79' lang='lat' dir='ltr'><strong>¹frigore</strong></span> <span class='ocrx_word' id='word_1_264' title='bbox 737 3761 806 3822; x_wconf 83' lang='lat' dir='ltr'><strong>gela·</strong></span> <span class='ocrx_word' id='word_1_265' title='bbox 831 3763 874 3810; x_wconf 88' lang='lat' dir='ltr'><strong>the</strong></span> <span class='ocrx_word' id='word_1_266' title='bbox 886 3765 1009 3811; x_wconf 83' lang='lat' dir='ltr'><strong>violation</strong></span> <span class='ocrx_word' id='word_1_267' title='bbox 1021 3764 1050 3812; x_wconf 85' lang='lat' dir='ltr'><strong>of</strong></span> <span class='ocrx_word' id='word_1_268' title='bbox 1058 3765 1100 3814; x_wconf 90' lang='lat' dir='ltr'><strong>the</strong></span> <span class='ocrx_word' id='word_1_269' title='bbox 1113 3767 1190 3826; x_wconf 73' lang='lat' dir='ltr'><strong>lomb,</strong></span> <span class='ocrx_word' id='word_1_270' title='bbox 1202 3780 1245 3814; x_wconf 86' lang='lat' dir='ltr'><strong>see</strong></span> <span class='ocrx_word' id='word_1_271' title='bbox 1253 3765 1296 3813; x_wconf 73' lang='lat' dir='ltr'><strong>tlte</strong></span> 
     </span>
     <span class='ocr_line' id='line_1_41' title="bbox 340 3830 1075 3889; baseline 0.005 -13"><span class='ocrx_word' id='word_1_272' title='bbox 340 3835 391 3889; x_wconf 85' lang='lat' dir='ltr'><strong>tus,</strong></span> <span class='ocrx_word' id='word_1_273' title='bbox 408 3830 472 3877; x_wconf 89' lang='lat' dir='ltr'><strong>nihil</strong></span> <span class='ocrx_word' id='word_1_274' title='bbox 489 3831 561 3877; x_wconf 87' lang='lat' dir='ltr'><strong>aliud</strong></span> <span class='ocrx_word' id='word_1_275' title='bbox 578 3831 684 3878; x_wconf 84' lang='lat' dir='ltr'><strong>remedii</strong></span> <span class='ocrx_word' id='word_1_276' title='bbox 704 3832 805 3878; x_wconf 89' lang='lat' dir='ltr'><strong>commi·</strong></span> <span class='ocrx_word' id='word_1_277' title='bbox 832 3846 901 3880; x_wconf 89' lang='lat' dir='ltr'><strong>same</strong></span> <span class='ocrx_word' id='word_1_278' title='bbox 913 3833 1075 3882; x_wconf 81' lang='lat' dir='ltr'><strong>authorities.</strong></span> 
     </span>
     <span class='ocr_line' id='line_1_42' title="bbox 340 3898 1298 3963; baseline 0.006 -21"><span class='ocrx_word' id='word_1_279' title='bbox 340 3899 405 3945; x_wconf 86' lang='lat' dir='ltr'><strong>uisci</strong></span> <span class='ocrx_word' id='word_1_280' title='bbox 423 3900 507 3958; x_wconf 90' lang='lat' dir='ltr'><strong>potuit</strong></span> <span class='ocrx_word' id='word_1_281' title='bbox 527 3913 604 3958; x_wconf 89' lang='lat' dir='ltr'><strong>quam</strong></span> <span class='ocrx_word' id='word_1_282' title='bbox 624 3907 653 3948; x_wconf 88' lang='lat' dir='ltr'><strong>ut</strong></span> <span class='ocrx_word' id='word_1_283' title='bbox 672 3905 805 3947; x_wconf 83' lang='lat' dir='ltr'><strong>exentera·</strong></span> <span class='ocrx_word' id='word_1_284' title='bbox 867 3898 993 3949; x_wconf 75' lang='lat' dir='ltr'><strong>²Judieio</strong></span> <span class='ocrx_word' id='word_1_285' title='bbox 1010 3902 1137 3963; x_wconf 67' lang='lat' dir='ltr'><strong>omniane]</strong></span> <span class='ocrx_word' id='word_1_286' title='bbox 1165 3903 1260 3950; x_wconf 89' lang='lat' dir='ltr'><strong>Jussus</strong></span> <span class='ocrx_word' id='word_1_287' title='bbox 1282 3916 1298 3948; x_wconf 90' lang='lat' dir='ltr'><strong>a</strong></span> 
     </span>
     <span class='ocr_line' id='line_1_43' title="bbox 339 3968 1299 4030; baseline 0.007 -19"><span class='ocrx_word' id='word_1_288' title='bbox 339 3971 420 4012; x_wconf 89' lang='lat' dir='ltr'><strong>torum</strong></span> <span class='ocrx_word' id='word_1_289' title='bbox 428 3983 550 4026; x_wconf 87' lang='lat' dir='ltr'><strong>equorum</strong></span> <span class='ocrx_word' id='word_1_290' title='bbox 558 3968 806 4027; x_wconf 82' lang='lat' dir='ltr'><strong>udlrucspiruntibus</strong></span> <span class='ocrx_word' id='word_1_291' title='bbox 832 3984 891 4030; x_wconf 85' lang='lat' dir='ltr'><strong>rege</strong></span> <span class='ocrx_word' id='word_1_292' title='bbox 916 3970 1058 4018; x_wconf 86' lang='lat' dir='ltr'><strong>Cantuaria</strong></span> <span class='ocrx_word' id='word_1_293' title='bbox 1079 3970 1199 4029; x_wconf 86' lang='lat' dir='ltr'><strong>discedit,</strong></span> <span class='ocrx_word' id='word_1_294' title='bbox 1221 3976 1299 4030; x_wconf 80' lang='lat' dir='ltr'><strong>etque</strong></span> 
     </span>
     <span class='ocr_line' id='line_1_44' title="bbox 339 4035 1181 4098; baseline 0.01 -19"><span class='ocrx_word' id='word_1_295' title='bbox 339 4035 405 4080; x_wconf 86' lang='lat' dir='ltr'><strong>extis</strong></span> <span class='ocrx_word' id='word_1_296' title='bbox 424 4037 583 4096; x_wconf 77' lang='lat' dir='ltr'><strong>immergeret</strong></span> <span class='ocrx_word' id='word_1_297' title='bbox 603 4036 691 4096; x_wconf 85' lang='lat' dir='ltr'><strong>pedes,</strong></span> <span class='ocrx_word' id='word_1_298' title='bbox 711 4038 805 4095; x_wconf 90' lang='lat' dir='ltr'><strong>quibus</strong></span> <span class='ocrx_word' id='word_1_299' title='bbox 832 4039 865 4085; x_wconf 86' lang='lat' dir='ltr'><strong>ad</strong></span> <span class='ocrx_word' id='word_1_300' title='bbox 877 4039 1001 4098; x_wconf 87' lang='lat' dir='ltr'><strong>relictam,</strong></span> <span class='ocrx_word' id='word_1_301' title='bbox 1013 4044 1062 4086; x_wconf 88' lang='lat' dir='ltr'><strong>ete.</strong></span> <span class='ocrx_word' id='word_1_302' title='bbox 1098 4038 1181 4087; x_wconf 81' lang='lat' dir='ltr'><strong>Evlitt.</strong></span> 
     </span>
    </p>
   </div>
   <div class='ocr_carea' id='block_1_13' title="bbox 0 0 1554 4770">
    <p class='ocr_par' dir='ltr' id='par_1_14' title="bbox 0 0 1554 4770">
     <span class='ocr_line' id='line_1_45' title="bbox 0 0 1554 4770; baseline 0 0"><span class='ocrx_word' id='word_1_303' title='bbox 0 0 1554 4770; x_wconf 95' lang='lat' dir='ltr'><strong> </strong></span> 
     </span>
    </p>
   </div>
  </div>
 </body>
</html>
