3098 4770
440 343 631 390 rnonnuru
657 344 934 392 wrconulnusrs
1098 330 1165 394 213

214 517 294 560 num
319 518 434 579 regern
450 499 666 562 Walensium
694 499 790 575 adiit,
806 519 950 581 eumque
973 500 1107 581 petivit,
1126 509 1166 563 ut
1178 520 1267 558 neure·

213 606 335 659 contra
353 616 467 677 regem
483 597 714 660 Eadwardum
733 599 798 660 sibi
821 607 912 661 esset
927 600 962 660 in
984 598 1164 660 auxilinm.
1180 569 1285 618 mm

214 693 281 756 Ille
300 696 416 758 statim
432 695 474 757 de
488 702 563 758 toto
579 715 685 776 regno
701 715 764 759 suo
782 699 953 778 copiosum
975 697 1166 759 exercitum

213 811 441 874 congregans,
461 791 593 872 Algaro
618 796 794 875 praecepit,
817 804 856 857 ut
877 795 950 859 loco
974 794 1165 857 constituto

213 891 279 953 sibi
317 900 352 954 et
386 891 551 955 exercitui
586 909 664 953 cum
698 893 771 954 suis
807 894 916 973 copiis
947 900 1163 963 occurreret;

213 989 338 1068 quibus
361 989 397 1051 in
423 1008 529 1052 unum
553 990 847 1065 convenientibus,
869 989 953 1052 fines
971 988 1165 1070 Anglorum

212 1086 467 1167 depopulaturi,
496 1085 784 1149 Heresordensem
813 1087 1023 1169 provinciam
1056 1088 1164 1149 intra·

213 1193 346 1248 verunt.
399 1185 529 1248 Contra
566 1204 652 1266 quos
691 1186 829 1249 timidus
866 1185 936 1248 dux
977 1185 1316 1261 &uulframnus

211 1283 305 1362 regis
327 1283 512 1346 Eadwardi
534 1285 662 1346 sororis
685 1284 787 1358 filius,
810 1285 997 1347 exercitum
1021 1303 1164 1362 congre·
1178 1254 1315 1342 fffflffrnffilh

212 1399 314 1461 gans,
342 1389 377 1444 et
401 1380 535 1444 dnobus
563 1380 719 1443 miliariis
745 1399 766 1443 a
791 1382 930 1445 civitate
957 1351 1272 1456 Heref01·da,¹²⁸¹¹¹¹¹‘³

213 1495 268 1542 1x.
301 1478 370 1545 kal.
405 1479 613 1543 Novembris
646 1479 705 1561 [24
737 1479 834 1561 Oct]
869 1481 936 1542 illis
969 1499 1164 1555 occurrenS,

213 1575 349 1657 Anglos
373 1587 495 1641 contra
520 1598 649 1641 morem
675 1579 710 1640 in
737 1581 834 1658 equis
864 1597 1015 1658 pugnare
1036 1580 1162 1660 jussit:

211 1676 270 1736 sed
296 1695 374 1737 cum
394 1677 555 1756 proelium
576 1683 691 1737 essent
712 1677 937 1749 commissuri,
952 1694 1066 1736 comes
1084 1694 1162 1736 cum

213 1772 286 1834 suis
324 1773 467 1836 Francis
504 1780 540 1835 et
578 1771 805 1835 Nortmaunis
847 1771 963 1852 sugam
1004 1773 1164 1852 primitus

213 1873 375 1952 capessit.
439 1869 542 1948 Quod
576 1870 731 1933 ridentes
762 1869 881 1950 Angli,
913 1871 1034 1932 ducem
1063 1890 1165 1933 suurn

214 1967 376 2049 fugiendo
399 1976 605 2051 sequuntur,
630 1988 716 2049 quos
740 1969 928 2031 adversarii
952 1969 1022 2031 sere
1047 1988 1165 2032 omnes

214 2067 401 2149 insequuti,
420 2084 519 2131 cccc.
536 2067 591 2129 vel
607 2067 814 2146 quingentos
832 2066 923 2129 viros
938 2084 980 2127 ex
998 2067 1048 2128 eis
1066 2084 1165 2146 pere-

212 2173 362 2241 merunt,
379 2165 574 2244 multosque
591 2162 869 2226 vulneraverunt.
916 2163 1006 2227 Dein
1021 2164 1168 2228 victoria
1178 2180 1321 2230 pnnrmna

213 2263 328 2341 potiti,
348 2281 411 2324 rex
434 2259 599 2324 Griffinus
625 2266 660 2323 et
683 2280 798 2346 comes
822 2260 974 2341 Algarus
997 2261 1165 2326 Herefor-
1179 2231 1309 2320 35⁸⁸*

213 2359 292 2421 dam
320 2360 548 2433 intraverunt,
580 2364 616 2421 et
646 2374 709 2422 vn.
741 2360 926 2435 canonicis,
956 2359 1016 2439 qui
1044 2359 1166 2423 valvas

211 2458 409 2539 principalis
433 2456 586 2519 basilicae
610 2455 844 2532 defenderant,
868 2456 1001 2532 occisis,
1026 2474 1067 2519 ac
1092 2476 1163 2521 mo·

212 2557 364 2628 nasterio
403 2555 494 2637 quod
532 2573 633 2617 verus
671 2555 739 2618 Dei
778 2554 983 2619 christicola
1019 2555 1166 2618 antistes

213 2653 457 2716 AEthelstanus
483 2661 738 2728 construxerat,
763 2671 843 2716 cum
874 2654 1031 2716 omnibus
1063 2671 1165 2715 orna·

213 2752 349 2826 mentis,
382 2758 417 2813 et
446 2749 600 2830 reliquiis
625 2752 737 2813 sancti
765 2750 980 2830 AEgelberhti
1011 2751 1103 2830 regis
1130 2758 1167 2813 et

213 2846 401 2930 martyris,¹
424 2848 638 2928 aliorumque
665 2855 875 2924 sanctorum,
906 2849 1101 2922 cumbusto,
1131 2855 1167 2910 et

215 2947 391 3010 nonnullis
429 2965 448 3008 e
481 2946 613 3009 civibus
652 2945 805 3021 necatis„
831 2945 1017 3026 multisque
1055 2947 1166 3024 capti·

218 3045 321 3119 vatis,
339 3045 478 3107 civitate
501 3044 604 3106 etiam
628 3043 778 3124 spoliata
800 3050 835 3105 et
857 3050 1020 3117 cremata,
1038 3043 1166 3124 praedae

215 3144 374 3205 ubertate
400 3142 500 3204 ditati
524 3141 710 3204 redierunt.
764 3139 867 3217 Quod
889 3141 947 3204 ubi
971 3141 1045 3220 regi
1067 3142 1163 3203 inno·
1180 3160 1261 3199 naon

216 3242 295 3316 tuit,
323 3240 364 3303 de
390 3247 463 3303 tota
489 3257 572 3301 mox
595 3237 725 3320 Anglia
751 3239 940 3301 exercitum
963 3238 1167 3318 congregari
1180 3210 1278 3306 ἓῖἷῗιῗῗ

210 3339 331 3420 jussit,
356 3339 412 3400 cui
440 3335 637 3400 Glawornae
661 3342 872 3416 congregato
899 3343 1076 3399 strenuum
1105 3335 1166 3397 du·
1181 3309 1249 3346 ‘hm‘

214 3456 286 3499 cem
310 3435 502 3498 Haroldum
518 3434 681 3515 praefecit,
700 3435 759 3515 qui
775 3434 896 3496 devote
910 3434 1019 3515 jussis
1036 3435 1167 3495 obtem·

213 3553 352 3615 perans,
370 3532 551 3596 Griffinum
566 3540 602 3595 et
618 3531 789 3613 Algarum
805 3531 950 3613 impigre
963 3532 1167 3610 insequitur,

213 3651 254 3694 ac
288 3632 371 3694 fines
405 3630 630 3694 Walanorum
664 3631 828 3693 audacter
856 3630 1044 3709 ingressus,
1075 3627 1167 3690 ultra

214 3727 406 3794 Straddele²
422 3736 686 3791 castrametatus
702 3735 774 3800 est3
803 3726 863 3788 sed
877 3726 939 3800 illi,
957 3726 1039 3806 quia
1057 3725 1166 3787 virum

214 3828 338 3890 fortem
371 3835 405 3890 et
437 3826 638 3888 bellicosum
674 3826 785 3906 ipsum
818 3825 982 3899 sciebant,
1015 3842 1093 3885 cum
1127 3843 1168 3885 eo

250 3974 416 4042 'luartyrisl
454 3977 502 4026 See
530 3978 578 4026 sub
612 3991 676 4024 anno
738 3971 913 4035 'Slrnrlrlelel
937 3975 1084 4023 Suauduna.
1135 3975 1167 4026 R.

210 4053 268 4098 793.
709 4045 848 4097 Wentlorer.
905 4095 923 4120 ,Α
1079 4047 1082 4055 “
