3098 4770
356 303 423 367 264
726 317 939 366 canonicor

360 478 447 557 prii3
492 494 574 537 nam
607 477 726 539 eodem
769 497 860 540 anno
892 496 962 557 quo
1000 494 1145 557 regnum
1188 476 1318 539 defecit

361 573 652 648 Cantwariorum,
669 594 747 639 cum
761 576 847 656 ipsis
863 584 991 639 etcum
1008 574 1317 639 Suu-saxonibus

361 680 505 735 strenuo
521 671 595 752 regi
612 672 910 736 west-Saxonum
928 673 1126 753 Ecgberhto
1140 681 1263 752 sponte
1276 690 1318 735 se

362 769 547 844 dedebant,
569 777 604 833 et
625 771 656 832 ei
669 772 811 851 suisque
827 772 1084 834 successoribus
1102 770 1232 833 tamdiu
1250 788 1318 850 pa·

362 870 499 945 rebant,
526 869 641 949 quoad
668 870 824 933 Danicus
847 888 910 932 rex
933 866 1109 931 Guthrum
1132 886 1235 948 snper
1256 884 1320 931 eon

365 974 573 1046 potestatem
608 970 791 1048 acciperet.
860 966 1041 1030 Lundonia
1078 974 1203 1040 tamen,
1237 984 1320 1027 cum

365 1066 467 1127 terris
506 1065 843 1146 circumjacentibus,
886 1065 1125 1127 Mercensibus
1167 1064 1320 1144 regibus,

365 1162 531 1241 quamdiu
549 1163 617 1243 ipsi
633 1173 878 1243 regnaverunt,
892 1164 1020 1243 paruit.

781 1372 902 1412 Mercu.

418 1461 516 1522 Posr
533 1463 668 1523 initium
688 1464 786 1541 regni
806 1462 1096 1536 Gantwariorum,
1115 1460 1323 1541 principium

366 1559 483 1621 extitit
512 1560 611 1639 regni
637 1559 866 1631 Marciorum,
892 1561 951 1639 qui
974 1560 1093 1622 multis
1117 1559 1227 1632 anniS,
1240 1575 1322 1619 cum

366 1659 439 1719 suis
468 1659 622 1738 regibuS,
647 1658 797 1721 cultibus
823 1658 993 1723 idolatriae
1020 1657 1138 1732 dediti,
1152 1656 1321 1738 paulatim

203 1782 321 1821 unsre
366 1757 465 1834 regni
497 1758 552 1818 sui
581 1758 667 1818 fines
698 1757 911 1832 dilatavere3
939 1756 1000 1819 sed
1026 1756 1157 1831 Penda,
1182 1756 1241 1836 qui
1268 1774 1325 1817 re·

367 1871 476 1930 gnare
493 1854 601 1932 coepit
618 1871 708 1914 anno
727 1854 920 1915 Dominicae
935 1853 1203 1926 incarnationis,
1214 1853 1323 1932 juxta

369 1949 593 2029 Dionysium,
610 1965 790 2023 ncxxvn,
813 1950 923 2012 multo
941 1949 1047 2012 latius
1071 1968 1177 2029 quam
1197 1948 1324 2028 aliquis

367 2065 512 2109 suorum
537 2048 829 2128 praedecessorum
852 2047 1023 2111 dilatavit.
1075 2047 1176 2110 Duos
1196 2047 1323 2109 etenim

369 2164 470 2225 reges
503 2145 541 2208 N
543 2147 857 2227 orthhymbrorum,
885 2154 1044 2209 sanctum
1071 2144 1253 2208 Edwinum
1279 2164 1323 2209 ae

370 2250 530 2305 sanctum
558 2243 772 2319 Oswaldum,
798 2252 834 2306 et
858 2251 929 2306 tres
954 2263 1053 2324 reges
1082 2241 1322 2323 East-Anglo·

370 2358 460 2415 rum,
479 2350 638 2404 sanctum
653 2341 907 2421 Sigeberhtum,
924 2342 1108 2422 Ecgricum
1123 2349 1159 2403 et
1171 2338 1325 2417 Annam,

369 2437 404 2498 in
422 2439 514 2502 bello
529 2439 665 2502 occidit.
719 2439 785 2502 Cui
799 2440 921 2519 regina
946 2458 1012 2502 sua
1040 2437 1264 2520 cyneswithe
1287 2455 1323 2502 v.

370 2535 472 2611 filios,
522 2535 676 2599 Peadam
726 2537 897 2611 videlicet,
942 2537 1126 2613 Wlferum,
1166 2544 1326 2599 sanctum

371 2632 628 2709 AEthelredum,
645 2642 805 2696 sanctum
828 2634 1090 2710 Merewaldum,
1107 2643 1143 2697 et
1165 2642 1325 2697 sanctum

372 2729 624 2805 Mercelmum,¹
639 2740 675 2795 et
692 2733 778 2795 duas
794 2732 894 2807 filias,
909 2740 1064 2795 sanctam
1081 2732 1323 2815 Cyneburgam

205 2842 324 2882 unua
372 2838 408 2891 et
423 2839 583 2892 sanctam
600 2829 856 2911 Cyneswitham
873 2831 1016 2911 peperit
1070 2830 1247 2909 Regnavit
1263 2848 1327 2893 au·

371 2933 442 2988 tem
471 2929 573 2990 annis
603 2943 699 2990 xxx.
728 2947 798 2990 non
822 2928 943 3007 plene;
969 2908 1071 3007 q⁸uem
1100 2946 1164 2989 rex
1192 2926 1326 2990 North·

372 3024 598 3105 hymbrorum
626 3024 746 3087 Oswiu
778 3043 856 3087 cum
880 3040 976 3087 xxx.
1002 3024 1149 3088 ducibus
1174 3025 1211 3086 in
1234 3025 1326 3088 bello

374 3124 533 3202 peremit,
560 3132 596 3186 et
622 3142 766 3201 regnum
801 3123 877 3204 ejus
911 3141 986 3184 suae
1015 3123 1137 3185 ditioni
1165 3123 1326 3202 subegit3

372 3219 445 3283 filio
471 3229 589 3283 tamen
612 3220 686 3301 ejus
706 3219 844 3294 Peadae,
869 3221 929 3299 qui
955 3228 1099 3300 epatre
1124 3219 1328 3283 su0·Medi·

372 3321 542 3381 terraneis
566 3317 692 3396 Anglis
719 3318 878 3398 princeps
904 3319 1125 3391 constitutuS,
1140 3318 1177 3379 in
1194 3316 1324 3380 North·

373 3414 533 3493 hymbria
562 3436 583 3479 a
613 3416 747 3478 Finano
773 3417 935 3496 episcopo
962 3423 1015 3477 est
1045 3417 1256 3494 baptizatus,
1283 3434 1326 3478 eo

374 3514 474 3591 quod·
494 3532 580 3575 suus
609 3520 699 3575 esset
726 3520 910 3591 cognatus,
926 3512 1047 3574 habuit
1073 3513 1163 3574 enim
1186 3513 1222 3574 in
1243 3531 1328 3575 con·

369 3609 492 3690 jugem
510 3610 618 3672 filiam
636 3611 711 3691 ejus
729 3609 936 3684 Alhfledam,
953 3628 1096 3689 regnum
1112 3609 1329 3673 Australium

376 3707 588 3771 Marciorum
619 3709 733 3771 dedit:
758 3708 877 3770 atille
901 3726 993 3770 anno
1016 3710 1114 3789 regni
1137 3708 1191 3769 sui
1217 3710 1329 3789 primo

410 3878 416 3906 ¹
434 3881 497 3928 This
509 3896 592 3941 name,
604 3883 661 3941 bya
671 3887 715 3929 not
726 3881 838 3929 unusual
863 3881 905 3929 the
924 3881 1058 3929 un-Saxon
1077 3896 1151 3930 name
1166 3882 1196 3929 oi
1210 3881 1330 3931 hlereeli-

373 3949 483 3997 mistake
495 3951 524 3997 of
537 3951 562 3996 in
575 3951 656 4011 form,
668 3951 714 3997 has
730 3950 839 3997 hitherto
864 3965 921 3998 nus.
958 3950 988 3997 In
1010 3951 1070 3998 both
1090 3952 1177 4010 places
1200 3950 1285 3999 where
1308 3949 1331 3996 it

374 4019 436 4064 been
456 4019 587 4078 generally
604 4019 769 4067 transformed
788 4020 840 4066 into
865 4033 963 4078 occurs,
977 4020 1006 4067 C.
1018 4019 1065 4067 hee
1077 4019 1242 4067 Mercelrana.
