3098 4770
374 334 441 397 194
745 344 957 392 cunoxrcon

376 503 566 575 mittentes,
581 508 617 562 et
636 520 675 564 se
697 503 784 565 bene
800 502 914 565 facere
927 509 1103 582 putantes,
1119 507 1328 578 rogaverunt

375 597 474 659 illum
490 607 531 661 ut
543 598 708 678 Angliam
724 600 868 674 veniret,
885 606 921 661 et
945 605 1084 678 sceptra
1106 596 1204 676 regni
1215 596 1327 658 susci·

377 704 495 775 peret:
518 697 580 777 qui
605 699 753 759 navibus
778 712 842 758 ux,
857 697 1003 776 paratis,
1018 704 1055 758 et
1079 695 1222 760 Dauicis
1238 692 1328 755 mili-

377 792 472 854 tibus
497 796 688 869 iustructis,
706 802 787 857 ante
807 793 957 856 mediam
982 802 1140 856 aestatem
1164 791 1327 871 Angliam

378 891 575 967 advehitur,
598 900 633 955 et
659 893 851 974 gaudenter
872 892 917 954 ab
943 892 1103 954 omnibns
1130 890 1328 970 suscipitur,

379 992 548 1073 regnique
566 992 654 1054 solio
681 1010 765 1054 mox
784 990 1011 1061 sublimatur;
1034 987 1096 1050 sed
1119 988 1173 1050 sui
1193 986 1328 1066 imperii

255 1105 262 1115 ·
311 1125 321 1136 ·
379 1096 536 1169 tempore
550 1089 598 1149 nil
615 1089 688 1167 egit
708 1089 852 1167 dignum
874 1094 1050 1166 potestate,
1063 1085 1183 1165 regia.¹
1232 1084 1326 1147 Nam

214 1164 265 1192 Μ
380 1204 464 1247 mox
481 1192 522 1247 ut
535 1203 682 1264 regnare
707 1185 827 1263 coepit,
841 1185 1059 1266 injuriarum,
1075 1201 1163 1263 quas
1184 1181 1239 1244 rel
1259 1182 1328 1244 sibi

379 1281 435 1344 vel
468 1300 542 1344 suae
580 1283 738 1361 genitrici
767 1301 852 1343 suus
884 1291 1083 1344 antecessor
1109 1281 1237 1343 fecerat
1262 1298 1326 1341 rex

380 1377 574 1452 Haroldus,
599 1381 658 1459 qui
688 1379 796 1442 frater
826 1399 911 1442 suus
942 1381 1142 1460 putabatur,
1168 1397 1237 1440 non
1265 1377 1328 1439 im-

379 1494 521 1552 memor,
543 1477 999 1540 AElsricum·Eburacensem
1025 1477 1328 1557 archiepiscopum,

381 1574 590 1638 Godwiuum
607 1577 776 1651 comitem,
792 1574 865 1637 Stir
889 1575 1056 1656 maj0rem
1079 1574 1213 1648 domus,
1226 1573 1327 1635 Edri-

380 1692 458 1735 cum
483 1673 766 1754 dispensatorem,
780 1673 923 1736 Thrond
948 1692 1050 1735 suum
1067 1672 1271 1745 carnificem,
1293 1679 1330 1733 et

379 1772 468 1834 alios
493 1791 628 1852 magnae
655 1771 837 1852 dignitatis
854 1773 959 1846 viros,
983 1771 1198 1833 Lundnniam
1224 1769 1329 1842 misit,

379 1878 415 1929 et
429 1869 540 1946 ipsius
566 1867 715 1931 Haroldi
731 1887 858 1947 corpus
873 1867 1032 1940 effodere,
1047 1875 1083 1930 et
1100 1869 1134 1929 in
1160 1885 1327 1946 gronnam

378 1965 549 2047 projicere
558 1964 686 2047 jussit:
710 1963 803 2044 quod
830 1983 910 2026 cum
933 1964 1127 2045 projectum
1143 1964 1277 2038 fnisset,
1291 1962 1327 2025 id

378 2062 573 2137 extrahere,
588 2070 624 2124 et
639 2062 676 2123 in
691 2061 820 2124 flumen
835 2061 1032 2127 Thamense
1054 2060 1230 2123 mandavit
1245 2079 1327 2141 pro·

372 2159 493 2241 jicere.
546 2159 652 2222 Brevi
683 2167 799 2222 autem
833 2167 914 2240 post
945 2167 1101 2238 tempore
1126 2176 1149 2220 a
1177 2157 1327 2239 quodam

376 2257 549 2338 piscatore
572 2266 713 2336 captum
736 2264 802 2331 est,
819 2264 855 2318 et
876 2257 920 2320 ad
947 2257 1070 2320 Dauos
1094 2255 1236 2318 allatum
1260 2257 1327 2318 sub

377 2351 638 2429 festinatione,
627 2373 664 2414 ιιι
681 2354 881 2417 coemeterio
906 2353 998 2434 quod
1022 2354 1216 2417 habuerunt
1234 2353 1329 2415 Lun-

210 2465 340 2552 Διιειιιίίο
375 2450 490 2514 doniae
506 2451 680 2531 sepultum
696 2456 750 2514 est
769 2450 839 2512 ab
828 2451 915 2531 rpsis
931 2470 1010 2513 cum
1034 2449 1190 2513 honore.²
1238 2449 1327 2527 Qui·
1345 2525 1353 2535 Β

210 2523 245 2602 i⁰or
237 2512 356 2601 ”ruffini
376 2549 441 2610 bns
470 2550 569 2625 actis,
597 2557 677 2612 octo
712 2567 847 2610 marcas
883 2548 1070 2628 unicuique
1101 2566 1175 2609 suae
1204 2546 1328 2610 classis

375 2647 511 2727 remigi,
541 2654 578 2710 et
610 2663 680 2709 xn.
706 2647 892 2727 unicuique
926 2646 1151 2734 gubernatori
1175 2645 1219 2708 de
1250 2652 1329 2708 tota

374 2741 507 2824 Anglia
531 2744 698 2826 praecepit
721 2743 880 2823 dependi,
896 2744 1063 2807 tributum
1079 2743 1238 2806 videlicet
1254 2750 1327 2805 tam

374 2860 496 2921 grave,
520 2843 635 2906 utrix
659 2841 785 2922 aliquis
810 2841 845 2903 id
867 2848 986 2924 posset
1003 2841 1218 2923 persolvere3
1240 2859 1329 2921 qna·

374 2948 518 3020 propter
532 2940 693 3002 omnibus
707 2940 768 3020 qui
781 2939 878 3019 prius
899 2939 1086 3002 adventum
1101 2938 1178 3020 ejus
1191 2937 1327 3000 deside·

374 3038 501 3100 rabant
515 3055 738 3117 magnopere,
750 3035 864 3099 sactus
878 3043 933 3099 est
944 3055 1073 3099 exosus
1087 3034 1327 3116 summopere.¹

210 3146 351 3196 Prmtnn
374 3132 433 3196 Ad
449 3134 524 3198 haec
540 3136 656 3209 ctiam,
674 3153 738 3214 pro
763 3153 846 3197 nece
860 3135 923 3196 sui
949 3134 1068 3197 fratris
1089 3133 1250 3207 AElfredi,
1263 3134 1328 3196 ad-

208 3245 341 3284 offlrred'·
375 3250 498 3295 versus
522 3231 732 3295 Godwinum
749 3232 909 3294 comitem
927 3240 963 3294 et
977 3231 1240 3312 wigornensem
1253 3231 1326 3310 epi-

209 3294 305 3334 md
374 3347 520 3409 scopum
556 3329 754 3408 Livingum,
784 3330 1027 3392 accusantibus
1063 3327 1141 3390 illos
1181 3327 1326 3391 AElfrico

375 3425 587 3488 Ehoracensi
604 3426 864 3507 archiepiscopo
887 3434 922 3488 et
941 3426 1146 3507 quibusdam
1167 3425 1256 3499 aliis,
1269 3445 1329 3488 ex-

375 3523 460 3585 arsit
487 3523 542 3584 ira
566 3542 704 3602 magna.
760 3523 895 3586 Idcirco
921 3526 1160 3605 episcopatum
1185 3523 1328 3604 Wigor·

374 3639 515 3682 neusem
541 3619 690 3701 Livingo
718 3621 873 3697 abstulit,
898 3629 932 3684 et
955 3623 1101 3685 AElfrico
1127 3621 1241 3700 dedit3
1265 3622 1327 3684 sed

411 3821 498 3873 ¹Sax.
511 3824 604 3874 Chrou.
866 3827 1028 3875 Harthacuut
1037 3827 1132 3875 caused
1141 3827 1184 3874 the
1194 3826 1260 3874 dead
1271 3825 1328 3871 He·

866 3896 920 3943 rald
932 3902 957 3943 to
970 3897 1001 3944 be
1013 3897 1090 3944 taken
1101 3911 1137 3955 up
1148 3895 1198 3943 and
1209 3897 1264 3941 cust
1274 3894 1327 3940 into

409 3956 500 4008 ²Cum
516 3963 623 4024 tutore]
647 3963 678 4010 ln
695 3963 737 4011 the
754 3964 838 4012 Saron
864 3964 944 4013 aien.
979 3965 1033 4012 The
1050 3968 1175 4022 cemetery
1192 3962 1288 4022 spoken
1303 3961 1333 4008 oi

374 4026 507 4076 Chronicle
524 4032 544 4076 it
560 4032 582 4077 is
600 4032 694 4090 merely
710 4033 766 4079 said
785 4033 839 4080 that
864 4047 919 4080 was
931 4033 986 4079 that
996 4033 1025 4080 οι
1032 4032 1070 4080 St.
1082 4031 1196 4080 clement
1207 4030 1304 4078 Dauus.
