3098 4770
452 325 646 374 nnonnnrn
672 325 954 375 wrconnrnnsrs
1113 314 1180 378 225

220 476 312 552 dere,
344 488 379 542 et
400 468 479 560 'pro
516 481 639 560 patriae
677 479 873 543 defensione
910 480 1055 560 ipsemet
1087 490 1180 547 tenu

219 576 375 658 marique
398 578 578 642 desudare.
625 579 755 641 Eodem
782 597 873 642 anno
901 594 978 640 vni.
996 578 1067 642 kal.
1090 578 1297 644 Mniineonu.
1331 605 1335 614 ·

220 672 280 752 [24
304 677 418 756 Apr.],
443 677 545 739 stella
569 685 719 739 cometes
742 696 811 739 non
838 676 950 739 solnm
977 678 1012 739 in
1035 675 1176 758 Anglia,

219 773 279 834 sed
310 775 426 849 etiam,
456 783 496 837 ut
522 773 643 850 fertur,
670 794 732 855 per
756 778 868 838 totum
898 774 1061 837 mnndum
1089 777 1176 851 visa,

218 889 280 950 per
310 888 372 933 vn.
406 873 478 935 dies
509 872 692 954 splendore
725 873 830 935 nimio
860 871 1039 952 fulgebat.¹
1094 872 1334 943 Noun-uuna.

217 968 327 1032 multo
351 978 442 1050 post,
466 990 581 1034 comes
608 970 750 1032 Tostins
773 968 816 1032 de
846 969 1006 1032 Flandria
1028 969 1175 1050 rediens,
1187 941 1340 1039 ii‘r'nffniffli

217 1066 260 1127 ad
275 1066 422 1131 Vectem
441 1068 597 1131 Insulam
614 1068 803 1150 applicuit3
828 1075 863 1130 et
879 1076 1061 1149 postquam
1076 1069 1173 1131 insn-
1187 1039 1307 1082 ⁸⁸⁰⁶”¹⁶¹¹'

216 1163 316 1227 lanos
337 1166 403 1228 sibi
424 1168 591 1230 tributum
612 1176 648 1230 et
667 1166 876 1247 stipendium
895 1166 1029 1230 solvere
1049 1186 1172 1248 coege-

216 1269 283 1336 rat,
323 1263 492 1340 discessit,
527 1273 563 1328 et
595 1266 686 1328 circa
715 1265 808 1345 ripas
836 1265 955 1340 maris,
987 1265 1094 1328 donec
1127 1266 1172 1329 ad

216 1358 401 1423 Sandicum
418 1370 557 1444 portum
574 1362 717 1436 veniret,
731 1360 867 1442 praedas
879 1363 1045 1425 exercuit.
1090 1361 1171 1440 Quo

216 1461 369 1538 cognito,
385 1480 447 1523 rex
466 1460 659 1536 Haroldns,
677 1461 737 1541 qni
754 1467 837 1522 tnnc
852 1458 1043 1523 Lundoniae
1055 1479 1169 1525 mora·
1228 1505 1232 1513 -

217 1557 331 1634 batur,
346 1559 492 1622 classem
514 1579 582 1622 non
600 1559 769 1623 modicam
797 1566 832 1622 et
861 1567 1052 1639 equestrem
1068 1578 1169 1623 exer·

215 1655 322 1717 citum
339 1659 542 1737 congregari
561 1657 747 1738 praecepit:
771 1657 846 1734 ipse
874 1675 957 1718 vero
983 1656 1168 1719 Sandicum

215 1761 354 1832 portum
372 1753 467 1817 adire
484 1755 641 1837 parabat.
696 1753 799 1830 Quod
826 1753 907 1815 dum
935 1752 1055 1816 Tostio
1078 1773 1167 1816 nnn·
1181 1774 1306 1834 nermo

213 1852 338 1914 tiatum
362 1851 496 1928 suisset,
519 1853 561 1916 de
583 1851 788 1915 butsecarlis
812 1851 979 1931 quosdam
999 1851 1167 1927 volentes,
1180 1823 1282 1874 '‘mm'’

214 1950 384 2028 quosdam
406 1952 577 2027 nolentes,
602 1969 717 2014 secum
740 1967 933 2024 assumens,
956 1949 1109 2025 recessit,
1132 1959 1168 2013 et

213 2065 353 2110 cursum
379 2049 423 2112 ad
456 2049 697 2129 Lindesegium
727 2045 869 2122 direxit,
903 2046 940 2107 in
969 2064 1038 2125 qua
1065 2046 1167 2109 villas

214 2146 436 2226 quamplures
472 2146 634 2221 incendit,
672 2144 870 2224 multosque
907 2142 1060 2206 homines
1092 2144 1168 2208 neci

212 2243 365 2305 tradidit.
418 2244 487 2306 His
502 2244 663 2324 cognitis,
675 2243 749 2305 dux
764 2241 972 2304 Merciorum
989 2241 1170 2318 Edwinus,

212 2346 248 2402 et
265 2339 603 2423 Northhymbrorum
627 2359 741 2404 comes
766 2338 955 2402 Morkurns
972 2358 1049 2402 cnm
1063 2359 1165 2404 exer·

211 2437 284 2500 citu
317 2438 493 2515 advolant,
516 2439 683 2520 illumque
708 2437 751 2499 de
775 2437 917 2517 regione
942 2437 1019 2518 ipsa
1045 2445 1167 2500 extru-

212 2534 320 2600 dunt:
343 2537 401 2600 ille
428 2545 544 2601 autem
572 2538 652 2600 inde
678 2534 868 2611 discedens,
887 2554 1001 2616 regem
1027 2534 1165 2599 Scotto·
1177 2556 1221 2644 313
1223 2555 1307 2644 erm

211 2653 289 2695 rum
326 2635 553 2698 Malcolmnm
584 2634 681 2710 adiit,
712 2641 747 2697 et
780 2653 859 2696 cnm
891 2652 933 2698 eo
962 2652 1024 2715 per
1055 2641 1166 2696 totam
1309 2631 1315 2644 '

209 2739 370 2796 aestatem
386 2723 524 2797 mansit.
578 2732 718 2795 Interea
740 2750 804 2793 rex
825 2730 1061 2794 Haroldusad
1078 2730 1168 2793 Sen-

213 2829 328 2892 dicnm
359 2839 498 2912 portum
525 2830 633 2906 venit,
660 2829 777 2911 ibique
802 2828 949 2891 classem
978 2847 1077 2891 suam
1107 2846 1168 2891 ex·
1253 2872 1257 2880 -

212 2929 377 3007 pectavit.
431 2928 520 3007 Quae
540 2947 619 2992 cnm
633 2928 757 2990 fnisset
775 2934 999 3007 congregata,
1017 2925 1166 2989 Vectem

213 3023 370 3088 Insulam
403 3027 510 3103 adiit3
543 3034 579 3090 et
611 3025 694 3106 qnia
726 3023 1020 3087 Nortmannorum
1050 3042 1166 3087 comes

212 3120 422 3200 Willelmus,
452 3123 638 3187 Eadwardi
663 3122 754 3202 regis
772 3121 1008 3195 consobrinus,
1031 3121 1067 3183 in
1093 3120 1172 3185 An-.

212 3221 318 3300 gliam
346 3241 424 3284 cum
449 3223 604 3286 exercitu
626 3221 744 3282 venire
768 3220 928 3301 parabat,
952 3225 1025 3281 tota
1042 3225 1166 3282 aestate

212 3326 247 3380 et
265 3326 431 3383 autumno
456 3321 641 3384 adventum
656 3318 750 3380 illins
768 3318 997 3380 observabat:
1021 3316 1064 3378 ad
1090 3316 1165 3378 haec

212 3417 317 3479 etiam
331 3419 525 3497 pedestrem
548 3416 737 3480 exercitum
754 3415 839 3477 locis
855 3414 1057 3495 opportunis
1072 3413 1165 3476 circa

211 3515 305 3594 ripas
327 3517 431 3578 maris
453 3516 601 3579 locabat.
654 3512 870 3576 Adveniente
891 3513 1011 3592 itaque
1024 3511 1166 3574 Nativi-

211 3620 285 3675 tate
316 3613 454 3676 Sanctae
481 3614 605 3677 Mariae
635 3611 673 3693 [8
700 3601 825 3691 Se'pt.],
854 3610 948 3672 victu
974 3609 1165 3684 deficiente,

212 3717 247 3773 et
263 3711 429 3773 classicus
445 3719 480 3775 et
502 3712 672 3791 pedestris
690 3709 865 3771 exercitus
891 3708 1027 3768 domum
1053 3705 1165 3769 rediit.

213 3809 348 3886 Quibus
366 3809 482 3888 gestis,
501 3827 580 3871 cum
604 3807 748 3870 classica
770 3825 875 3868 mann
895 3804 1083 3885 pervalida,
1099 3804 1164 3866 sci·
1177 3823 1321 3873 annuum

592 4025 598 4055 ¹
616 4029 678 4075 Sex.
691 4027 785 4079 Chron.
