3098 4770
751 384 958 432 CHRONIOON

376 540 578 603 AEthelwlfo
594 558 675 618 rege
691 558 712 602 a
730 539 852 616 Roma,
865 546 939 602 tota
954 538 1013 600 illa
1028 557 1124 618 genS,
1136 536 1324 618 utdignum

375 645 462 711 erat,
479 640 514 699 in
530 638 682 700 adventu
703 639 845 700 senioris
867 639 918 701 ita
941 637 1062 720 gavisa
1076 644 1138 711 est,
1155 642 1205 710 ut,
1221 637 1250 697 si
1266 635 1324 698 ille

375 735 601 814 permitteret,
614 737 821 817 pertinacem
833 737 939 799 filium
949 756 1047 799 suum
1054 733 1323 809 AEthelbaldum,

374 850 453 894 curn
469 836 625 897 omnibus
641 836 712 898 suis
728 835 941 910 consiliariis
958 853 978 897 a
996 835 1103 896 totius
1118 834 1215 912 regni
1230 840 1323 895 sorte

374 932 550 1013 expellere
580 933 720 997 vellent.
774 932 841 996 Sed
868 933 936 1008 ille,
962 939 1002 994 ut
1031 930 1190 1005 diximus,
1217 930 1324 992 nimia

373 1030 555 1095 clementia
579 1040 614 1095 et
640 1032 799 1113 prudenti
818 1030 958 1094 consilio
982 1048 1077 1104 usne,
1100 1047 1142 1090 ne
1160 1028 1203 1091 ad
1227 1029 1325 1108 regni

210 1127 362 1184 urrunnu
374 1130 566 1207 periculum
578 1131 783 1211 perveniret,
796 1130 846 1191 ita
860 1128 933 1191 fieri
943 1128 1067 1204 noluit3
1092 1134 1125 1189 et
1136 1125 1159 1189 J
1162 1127 1323 1189 uthittum

209 1194 361 1233 ‘mmmm'
375 1225 501 1289 Karoli
518 1229 609 1307 regis
633 1228 752 1301 filiam,
769 1246 872 1306 quam
889 1247 910 1289 a
924 1234 1021 1306 patre
1046 1244 1108 1288 suo
1132 1232 1323 1306 acceperat,

368 1322 476 1404 juxta
504 1343 541 1387 se
565 1325 602 1386 in
626 1325 736 1405 regali
756 1325 854 1399 solio,
877 1325 950 1387 sine
967 1324 1083 1404 aliqua
1099 1342 1239 1386 suorum
1262 1342 1324 1385 no-

371 1422 494 1484 bilium
510 1424 746 1486 controversia
764 1423 901 1498 etodio,
916 1422 1083 1503 usquead
1099 1424 1228 1486 obitum
1244 1423 1324 1485 vitae

373 1540 459 1598 suae,
492 1530 615 1586 contra
644 1542 841 1604 perversam
877 1521 969 1584 illius
999 1523 1110 1602 gentis
1141 1530 1324 1585 consuetu·

372 1620 500 1696 dinem,
527 1622 645 1684 sedere
672 1623 865 1704 imperavit.
919 1620 1013 1684 Gens
1045 1641 1191 1702 namque
1223 1620 1323 1683 Occi-

372 1718 564 1781 dentalium
588 1720 765 1782 Saxonum
782 1722 935 1800 reginam
952 1720 1058 1801 juxta
1077 1739 1191 1798 regem
1207 1719 1325 1782 sedere

373 1834 443 1877 non
475 1818 619 1896 patitur,
650 1837 713 1881 neo
743 1820 846 1880 etiam
876 1818 1030 1897 reginam
1061 1816 1238 1898 appellari,
1263 1816 1324 1879 sed

374 1913 466 1994 regis
496 1915 680 1997 conjugem
716 1913 906 1996 permittit.1
959 1914 1047 1991 Quae
1079 1916 1324 1990 controversia,

372 2011 478 2075 immo
504 2013 659 2089 infamia,
675 2013 718 2075 de
743 2013 890 2096 quadam
914 2013 1079 2094 pertinaci
1103 2021 1138 2076 et
1162 2014 1325 2077 malivola

373 2109 658 2192 ejusdem'gentis
674 2113 794 2193 regina
817 2121 892 2176 orta
917 2119 979 2186 est,
996 2111 1182 2193 majoribus
1198 2113 1325 2175 uostris

372 2208 423 2271 sic
449 2211 716 2273 attestantibus:
743 2210 824 2274 Fuit
848 2211 884 2272 in
900 2210 1032 2272 Mercia
1053 2209 1215 2271 moderno
1239 2215 1324 2272 tem·

372 2325 458 2386 pore
485 2307 625 2388 quidam
655 2315 816 2370 strenuus
845 2327 907 2369 rex
939 2306 1074 2369 nomine
1105 2306 1195 2382 Offa,
1225 2308 1325 2390 cujus

372 2403 480 2466 filiam
510 2405 648 2468 nomine
672 2404 848 2481 Eadburh,
873 2403 1024 2468 Brihtric
1054 2403 1325 2469 Occidentalium

372 2500 553 2565 Saxonum
576 2523 650 2577 rex,
667 2510 707 2566 ut
731 2502 970 2584 praediximus,
979 2503 1044 2565 sibi
1067 2503 1102 2588 in
1128 2503 1323 2585 conjugium

299 2603 300 2606 ’
373 2602 528 2682 accepit3
552 2621 630 2682 quae
654 2620 739 2664 mox
761 2602 936 2682 tyrannice
951 2601 1087 2676 rivere,
1111 2603 1226 2664 omnia
1251 2602 1325 2664 odi·

371 2699 457 2762 bilia
481 2699 559 2762 Deo
589 2707 624 2762 et
653 2699 846 2761 hominibus
876 2698 1000 2775 facere,
1027 2717 1112 2778 quos
1135 2707 1254 2781 posset
1281 2700 1325 2763 ad
1375 2724 1378 2728 ·

371 2816 489 2877 regem
506 2817 679 2874 accusare,
696 2805 731 2860 et
756 2798 805 2860 sic
819 2798 893 2861 vita
917 2806 977 2860 aut
1001 2804 1174 2878 potestate
1189 2818 1251 2879 per
1272 2800 1325 2861 in·

371 2895 477 2958 sidias
492 2897 651 2978 privare:
677 2903 712 2959 et
735 2897 765 2958 si
789 2914 810 2958 a
836 2915 917 2975 rege
941 2895 1025 2957 illud
1041 2915 1108 2959 non
1124 2904 1241 2978 posset
1257 2897 1322 2959 im·

370 3002 522 3073 petrare,
546 3014 679 3058 veneno
704 3013 762 3056 eos
784 2995 889 3075 coepit
908 3012 1039 3057 necare.
1092 2993 1171 3057 Hoc
1194 2996 1324 3059 factum

371 3091 414 3154 de
432 3092 649 3155 adolescente
666 3093 815 3173 quodam
838 3093 911 3172 regi
934 3091 1153 3156 dilectissimo
1177 3093 1325 3157 habetur

372 3199 598 3272 compertum,
626 3210 729 3272 quem
756 3210 832 3252 cum
858 3191 899 3253 ad
929 3210 1045 3271 regem
1073 3211 1235 3254 accusare
1258 3211 1325 3255 non

371 3298 500 3369 posset,
514 3309 645 3352 veneno
661 3308 739 3351 eum
755 3291 909 3352 necavit:
935 3289 976 3351 de
992 3307 1060 3369 quo
1074 3308 1205 3351 veneno
1222 3291 1326 3353 etiarn

370 3389 539 3467 praeratus
562 3407 626 3450 rex
652 3388 801 3450 Brihtric
817 3388 1000 3450 inscienter
1023 3395 1181 3466 gustasse
1196 3388 1326 3468 aliquid

372 3485 540 3563 refertur3
567 3505 679 3566 neque
696 3487 785 3546 enim
801 3485 862 3547 illa
878 3504 1044 3547 venenum
1061 3485 1141 3548 dare
1156 3487 1230 3566 regi
1245 3506 1325 3567 pro-

372 3591 548 3663 posuerat,
565 3583 626 3645 sed
646 3585 776 3664 puero;
802 3583 861 3644 sed
878 3603 941 3645 rex
962 3586 1228 3664 praeoccupavit,
1247 3584 1327 3648 inde

371 3682 472 3744 ambo
497 3682 664 3762 periere.''
718 3680 787 3743 Pro
813 3680 1008 3762 hujusmodi
1034 3683 1162 3762 reginae
1180 3683 1325 3759 malitia,

406 3839 412 3868 ¹
431 3839 582 3902 Permittit]
619 3839 658 3887 As
670 3839 712 3886 the
727 3839 837 3899 prohibi·
863 3839 996 3887 otherwise
1013 3838 1073 3886 than
1091 3839 1162 3899 place
1185 3839 1277 3887 Judith
1295 3855 1328 3888 on

368 3908 421 3955 tion
448 3909 572 3970 regarded
600 3909 641 3956 the
667 3908 788 3968 kingdom
812 3908 840 3955 os
863 3907 1327 3969 histhrone,withthetitleoiqueeu,

368 3977 478 4024 Wessex
490 3977 558 4037 only,
570 3982 596 4024 at
612 3976 667 4024 that
682 3978 742 4025 time
757 3978 837 4024 under
862 3978 887 4024 in
901 3992 917 4024 a
931 3979 1045 4036 territory
1056 3977 1139 4024 where
1150 3991 1183 4023 no
1194 3977 1257 4024 such
1269 3991 1327 4037 pro-

368 4045 412 4092 the
439 4050 600 4105 govemmeut
629 4046 657 4092 of
684 4046 837 4105 AEthelbald,
862 4046 967 4094 hibition
978 4044 1086 4092 existed.

369 4113 522 4162 AEthelwuli
559 4111 634 4160 could
670 4112 760 4172 hardly
796 4117 837 4160 act
