3098 4770
441 320 630 366 rnonnnrn
657 320 937 367 wrcoanrnnsrs.
1105 306 1171 368 209

210 475 375 550 locorum,
394 493 512 538 omnes
532 493 619 554 quos
638 483 800 556 poterant
817 477 882 538 sibi
906 477 941 538 in
956 478 1168 559 adjutorium

211 572 412 648 allicientes,
429 580 465 636 et
488 574 705 636 butsecarlas
724 593 842 637 omnes
866 594 952 654 quos
975 576 1098 639 obvios
1117 577 1169 638 in-

212 679 378 733 venerant
397 689 516 733 secum
537 671 704 750 legentes,
722 692 845 735 versus
872 672 1057 736 Sandicum
1086 694 1166 755 por-

211 778 284 831 tum
315 787 453 831 cursum
485 768 695 834 direxerunt.
761 770 841 848 Quo
870 790 948 834 cunr
976 772 1165 847 venissent,

211 867 285 947 regi
309 867 516 941 Eadwardo,
533 873 615 929 tunc
638 869 804 947 temporis
832 869 1024 932 Lundoniae
1048 871 1166 934 demo-

212 966 314 1039 ranti,
341 965 479 1028 illorum
507 963 676 1027 adventus
709 967 915 1044 nunciatur;
943 968 1001 1047 qui
1032 968 1166 1030 nuntiis

212 1081 358 1143 propere
375 1063 501 1138 missis,
520 1064 677 1125 omnibus
701 1065 760 1144 qui
779 1083 800 1126 a
818 1084 855 1126 se
878 1084 945 1127 non
969 1065 1166 1128 defecerant

212 1160 401 1236 mandavit,
430 1161 528 1223 utin
557 1161 767 1243 adjutorium
790 1165 845 1225 sui
871 1165 987 1226 venire
1010 1157 1165 1225 matura·

213 1266 299 1322 rent.
360 1256 411 1321 At
436 1259 488 1320 illi
518 1258 618 1321 nimis
648 1261 838 1335 tardanteS,
863 1261 907 1323 ad
937 1271 1072 1342 tempus
1096 1281 1165 1324 non

214 1364 389 1418 venerunt.
444 1355 584 1418 Interea
615 1375 693 1418 cum
727 1376 792 1420 sua
828 1358 939 1420 classe
973 1358 1282 1421 Godwinuseonne

1178 1423 1279 1469 proceeds
1290 1433 1318 1470 up

212 1473 325 1517 comes
356 1454 523 1517 adversus
547 1472 685 1516 cursum
708 1453 890 1518 Tamensis
911 1457 1087 1531 devectus,
1110 1457 1166 1518 die
1178 1471 1320 1559 thesrhnhme·

215 1551 450 1615 Exaltationis
483 1552 622 1616 Sanctae
666 1553 787 1616 Crucis
830 1551 890 1636 [14
920 1553 1045 1638 Sept.],
1080 1526 1288 1617 ferialuff*

213 1650 376 1725 secunda,
393 1651 436 1712 ad
461 1650 684 1713 Suthweorce
698 1653 805 1726 venit,
822 1661 856 1714 et
880 1652 926 1713 ibi
950 1653 1081 1714 tamdiu
1105 1671 1167 1713 ex-

212 1746 365 1827 pectavit
383 1747 497 1827 quoad
523 1749 628 1809 maris
646 1766 807 1810 accessus
823 1749 967 1811 veniret.
1020 1748 1166 1811 Interim

212 1846 381 1925 quosdam
402 1865 465 1925 per
480 1845 723 1921 internuntios,
739 1846 906 1927 quosdam
928 1866 990 1927 per
1011 1866 1049 1909 se
1072 1848 1167 1909 cives

212 1943 487 2018 Lundonienses,
503 1962 590 2026 quos
604 1945 711 2007 variis
736 1944 1045 2028 pollicitationibus
1067 1945 1165 2024 prius

214 2040 387 2117 illexerat,
405 2042 578 2117 convenit,
595 2052 630 2105 et
648 2049 687 2104 ut
708 2060 827 2104 omnes
845 2040 915 2103 fere
933 2060 1009 2122 qnae
1026 2041 1168 2104 volebat

213 2139 351 2200 omnino
384 2138 524 2215 vellent,
563 2138 686 2203 effecit.
745 2138 833 2201 Inde
869 2140 972 2201 rebus
1007 2139 1166 2202 omnibus

214 2234 390 2317 dispositis
412 2245 447 2298 et
468 2237 646 2311 ordinatis,
664 2244 820 2300 reumate
838 2236 1052 2311 adveniente,
1070 2235 1167 2298 festi-

215 2339 337 2395 nanter
367 2333 538 2396 anchoras
563 2335 791 2409 sustulerunt,
814 2353 855 2396 ac
882 2334 977 2395 nullo
1001 2333 1037 2396 in
1060 2340 1169 2414 ponte

216 2432 418 2506 obsistente,
453 2450 517 2512 per
548 2433 737 2494 australem
769 2430 920 2494 fluminis
959 2430 1168 2510 crepidinem

215 2548 352 2592 sursum
377 2529 642 2610 navigaverunt.
696 2528 803 2592 Venit
823 2535 858 2591 et
879 2528 1048 2609 pedestris
1070 2547 1168 2590 exer-

215 2628 318 2702 citus,
357 2645 399 2689 ac
436 2646 475 2689 se
509 2646 572 2708 per
606 2645 701 2690 oram
740 2626 839 2689 fluvii
875 2624 1059 2688 ordinatim
1097 2625 1168 2688 dis-

215 2743 359 2805 ponenS,
383 2724 532 2804 spissam
562 2723 819 2802 terribilemque
846 2723 927 2786 iecit
949 2723 1168 2785 testudinem.

216 2822 308 2884 Dein
323 2821 445 2884 classis
465 2840 504 2884 se
525 2819 647 2883 versus
668 2820 901 2900 aquilonalem
920 2821 1033 2901 ripam
1051 2821 1168 2895 vertit,

216 2921 316 2999 quasi
334 2920 433 2998 regis
460 2918 605 2982 classem
632 2918 834 2981 circundare
858 2917 982 2982 vellet:
1017 2917 1169 2981 habebat

217 3018 306 3079 enim
331 3025 367 3080 et
389 3036 453 3080 rex
475 3017 635 3091 classem,
656 3034 698 3078 ac
726 3033 947 3077 numerosum
974 3014 1168 3096 pedestrem

217 3114 419 3177 exercitum.
472 3113 540 3176 Sed
567 3114 650 3192 quia
673 3113 733 3188 ibi,
756 3120 792 3175 et
817 3131 895 3174 cum
922 3130 1002 3192 rege
1027 3120 1063 3174 et
1088 3131 1167 3174 cum

219 3212 402 3287 Godwino,
418 3218 519 3274 erant
535 3211 701 3291 perpauci
723 3211 783 3290 qui
805 3208 1018 3272 fortitudinis
1035 3209 1168 3290 aliquid

218 3311 396 3384 haberent,
425 3308 492 3370 nisi
516 3315 652 3371 tantum
676 3306 796 3387 Angli,
818 3324 975 3386 pugnare
1001 3306 1170 3369 adversus

218 3427 300 3470 suos
333 3407 547 3487 propinquos
579 3424 620 3467 ac
655 3403 900 3485 compatriotas
929 3423 1018 3485 pene
1050 3422 1169 3467 omnes

218 3505 470 3581 abhorrebant3
494 3503 584 3565 unde
604 3503 832 3582 sapientiores
854 3501 982 3582 quique
1006 3520 1051 3563 ex
1072 3510 1169 3563 utra-

219 3621 287 3684 que
304 3610 415 3682 parte,
435 3601 662 3678 interregem
682 3607 717 3662 et
734 3599 856 3661 ducem
877 3617 997 3678 pacem
1018 3599 1169 3660 redinte-

220 3707 372 3781 granteS,
390 3697 580 3760 exercitum
602 3699 646 3760 ab
667 3698 772 3758 armis
789 3695 963 3757 discedere
976 3695 1169 3775 jusserunt.

221 3798 328 3860 Mane
351 3804 468 3858 autem
491 3793 596 3868 facto,
615 3793 795 3856 concilium
821 3811 883 3853 rex
905 3791 1036 3866 habuit,
1054 3791 1171 3872 pristi·
1185 3805 1288 3845 edwino

1185 3855 1226 3893 and
1237 3854 1271 3892 hir

221 3913 371 3974 numque
399 3894 564 3955 honorem
592 3890 737 3971 pleniter
761 3888 908 3951 reddidit
935 3887 1107 3951 Godwino
1138 3897 1173 3951 et
1186 3903 1262 3949 tamin

1186 3951 1289 3990 restored.

221 3993 322 4056 uxori
337 4011 422 4066 suae,
438 3990 587 4071 filiisque
603 3988 774 4063 omnibus,
789 3995 937 4068 excepto
952 3986 1089 4060 Suano;
1115 3986 1173 4049 ille
1186 4000 1290 4097 mgr

1003 4102 1021 4148 Ρ
