3098 4770
181 503 308 544 ealdorman

181 553 206 591 ol
213 554 303 594 Marcis.

345 320 411 384 160
713 331 924 380 cunourcou

346 491 573 547 memoratum
590 481 754 563 AEgelrici
770 484 889 559 filium,
906 483 1076 547 hominem
1092 481 1210 544 humili
1224 482 1297 563 qui·

345 583 424 644 dem
439 600 575 661 genere,
591 582 651 644 sed
668 584 722 645 cui
737 583 860 663 lingua
876 582 1015 646 divitias
1029 601 1070 644 ac
1084 580 1296 643 nobilitatem

345 686 623 759 comparaverat,
634 680 814 743 callentem
831 681 979 760 ingenio,
991 698 1134 742 suavem
1150 677 1295 757 eloquio,

345 777 457 857 etqui
472 796 591 841 omnes
618 779 652 841 id
675 778 840 857 temporis
866 776 1038 851 mortales,
1066 785 1139 838 tum
1166 774 1294 837 invidia

344 882 451 954 atque
467 877 623 956 perfidia,
640 884 713 939 tum
729 874 891 956 superbia
913 882 949 937 et
966 873 1181 948 crudelitate,
1197 891 1295 953 supe·

345 974 449 1048 ravit,
467 973 678 1037 Mereiorum
695 973 875 1036 coustituit
889 973 1011 1035 ducem
1025 991 1035 1050 3
1059 970 1159 1052 cujus
1173 969 1295 1033 iratres

345 1068 1293 1148 extiteruntBrihtricus,AElfricus,Goda,AEgelwiuus,

347 1167 603 1245 AEgelwardus,
618 1165 858 1249 AEgelmaerus,
880 1175 979 1248 pater
996 1165 1169 1241 Wlnothi,
1186 1164 1292 1246 patris

347 1262 641 1326 West-Saxonnm
658 1262 754 1326 ducis
771 1262 941 1326 Godwini.

194 1375 257 1415 an.
267 1375 324 1414 100⁸·
397 1359 478 1422 Rex
504 1359 699 1440 Anglorum
722 1361 929 1441 AEgelredus
951 1362 994 1424 de
1017 1377 1133 1423 eccm.
1151 1360 1294 1423 cassatis

181 1440 295 1480 AEtlrelred

181 1491 334 1529 „imam
345 1476 450 1519 unam
466 1457 615 1533 trierem,
627 1459 669 1520 de
686 1477 808 1520 novem
823 1478 905 1522 vero
920 1459 1061 1521 loricam
1078 1465 1112 1520 et
1128 1456 1294 1520 cassidem

176 3782 231 3822 with
240 3785 306 3832 Egla!

345 1556 430 1630 fieri,
449 1564 485 1618 et
499 1576 561 1636 per
577 1564 685 1619 totam
701 1554 867 1636 Angliam
890 1575 996 1620 naves
1019 1557 1150 1618 intente
1168 1573 1292 1635 praece-

345 1656 398 1735 pit
413 1652 609 1717 fabricari:¹
633 1655 757 1735 quibus
784 1655 927 1735 paratis,
951 1655 1078 1718 electos
1103 1653 1139 1716 in
1165 1654 1212 1715 eis
1234 1653 1293 1715 mi-

344 1750 424 1813 lites
451 1770 528 1814 cum
556 1752 729 1814 alimentis
755 1752 881 1830 posuit,
909 1760 944 1815 et
968 1760 1006 1814 ut
1030 1753 1073 1814 ab
1099 1760 1293 1814 exterorum

345 1847 596 1927 irruptionibus
612 1847 696 1908 fines
712 1848 810 1926 regni
835 1849 889 1908 sui
903 1848 1134 1922 defenderent,
1149 1848 1225 1909 illas
1247 1846 1291 1910 ad

345 1942 533 2007 Sandicum
549 1950 687 2024 portum
703 1945 939 2024 congregavit.
991 1944 1044 2006 Eo
1057 1950 1221 2024 tempore,
1237 1944 1293 2006 vel

345 2042 451 2122 paulo
469 2049 563 2117 ante,
582 2040 689 2104 frater
713 2040 835 2121 perfidi
861 2041 958 2104 ducis
987 2039 1105 2103 Edrici
1129 2040 1292 2115 Streonae,

346 2140 510 2214 Brihtric,
528 2140 630 2202 homo
653 2139 817 2214 lubricus,
832 2139 1047 2214 ambitiosus,
1063 2145 1099 2201 et
1113 2137 1294 2218 superbus,

345 2237 439 2316 apud
468 2254 586 2315 regem
614 2236 742 2317 injuste
769 2237 948 2298 accusavit
977 2235 1292 2299 Sum-Saxonicum

344 2333 538 2395 ministrum
568 2331 783 2405 Wlnothum,
815 2333 887 2413 qui,
917 2351 960 2394 ne
993 2340 1184 2414 caperetur,
1209 2352 1292 2396 mox

342 2430 463 2510 fugam
479 2430 569 2506 iniit,
585 2436 620 2492 et
635 2445 704 2492 xx.
720 2429 868 2492 navibus
884 2430 1073 2511 acquisitis,
1090 2430 1181 2493 circa
1200 2430 1294 2510 ripas

342 2529 448 2590 maris
471 2528 612 2609 rapinas
638 2527 835 2608 frequentes
867 2527 1032 2591 exercuit.
1088 2526 1158 2589 Ubi
1179 2531 1293 2589 autem

343 2626 450 2706 regiae
475 2625 580 2689 classi
600 2625 799 2687 nunciatum
822 2632 888 2702 est,
910 2625 1004 2706 quod
1027 2626 1057 2687 si
1079 2625 1156 2705 quis
1175 2623 1291 2700 vellet,

342 2722 442 2784 illum
471 2722 573 2785 facile
596 2741 724 2802 ‚capere
749 2732 880 2802 posset,
905 2738 1028 2785 Lxxx.
1053 2722 1211 2785 trieribus
1236 2740 1292 2785 as·

341 2820 503 2901 sumptis,
519 2821 564 2883 ad
587 2820 861 2901 persequendum
886 2820 984 2882 illum
1005 2818 1197 2882 Brihtn‘cus
1212 2837 1294 2900 pro·

342 2917 454 2981 fectus
486 2924 562 2980 est:
596 2917 654 2979 sed
671 2936 763 2979 cum
795 2917 854 2979 diu
884 2935 1048 2998 prospere
1082 2916 1292 2996 navigasset,

343 3015 458 3078 subito
491 3014 706 3077 validissima
733 3021 923 3096 tempestas
951 3014 1075 3076 oborta
1108 3031 1214 3076 naves
1242 3012 1292 3075 di·

343 3112 551 3186 verberavit,
576 3112 835 3191 conquassavit,
857 3118 893 3174 et
920 3111 955 3172 in
981 3111 1113 3173 aridam
1138 3109 1293 3192 projecit,

343 3228 432 3290 quas
446 3208 637 3272 Wlnothus
654 3228 722 3272 nou
748 3209 858 3272 multo
882 3215 962 3289 post
984 3208 1129 3271 exussit.
1181 3207 1234 3269 Ea
1256 3226 1293 3269 re

343 3307 496 3385 cognita,
511 3325 575 3368 rex
597 3325 676 3369 cum
700 3306 845 3368 ducibus
873 3313 908 3368 et
934 3305 1132 3386 proceribus
1154 3303 1291 3366 domum

342 3403 455 3477 rediit,
473 3402 593 3465 classis
622 3422 703 3465 vero
716 3403 819 3484 jussu
838 3403 930 3465 illius
959 3401 1175 3464 Lundcniam
1196 3400 1294 3476 adiit,

342 3501 462 3580 sicque
477 3501 586 3562 totius
604 3500 724 3580 populi
742 3500 915 3562 maximus
933 3499 1032 3561 labor
1046 3496 1173 3578 periit.¹

190 3621 320 3661 aaron.
393 3597 550 3660 Danicus
576 3616 689 3659 comes
712 3596 894 3659 Turkillus
921 3615 985 3658 sua
1011 3614 1088 3659 cum
1115 3596 1224 3658 classe
1248 3594 1293 3658 ad

175 3684 326 3783 fssffiffimg
341 3693 507 3774 Angliam
538 3695 651 3757 veuit:
690 3694 825 3768 exinde,
863 3713 979 3755 meuse
1014 3692 1188 3772 Augusto,
1225 3692 1295 3753 alia

342 3791 463 3854 classis
504 3792 683 3854 Danorum
723 3790 990 3881 innumerabilis,
1031 3791 1088 3853 cui
1124 3795 1295 3870 praeerant

731 4029 737 4058 ¹
755 4032 816 4081 Sax.
830 4031 926 4080 Chron.
