3098 4770
442 361 634 409 ruonnurn
659 361 939 410 n'rconurnnsrs.
1136 349 1177 411 51

264 513 393 576 Tobias
427 515 613 579 Hrofensis
646 518 800 581 ecclesia
832 520 961 598 praesul
990 518 1176 583 defunctus
1212 533 1321 574 narra

213 619 275 685 est,
295 612 356 694 qui
380 614 430 676 ita
448 613 610 678 Graecam
629 636 706 679 cum
725 616 853 680 Latina
869 617 990 681 didicit
1006 618 1176 699 linguam,
1190 599 1346 694 hillino

214 717 339 772 uttam
365 721 466 776 notas
492 733 533 776 ac
558 714 748 778 familiares
764 716 830 778 sibi
846 733 907 779 eas
925 736 1031 798 quam
1051 717 1176 781 nativi·
1189 699 1343 791 mliii,
1426 732 1427 735 ’

214 809 295 870 tatis
321 827 407 885 suae,
422 811 456 873 id
474 822 527 874 est
542 810 715 893 Anglicae,
731 813 904 895 loquelam
926 814 1094 886 haberet;
1120 815 1175 876 cui
1189 795 1293 836 mm*

211 908 380 972 successit
393 908 580 972 Aldulfus.¹

264 1004 403 1068 Relicto
431 1007 586 1088 imperio,
611 1027 652 1071 ac
671 1008 913 1084 AEthelhardo,
942 1008 984 1071 de
1011 1010 1175 1090 prosapia
1201 1022 1322 1061 A·1>·⁷²⁸·

1189 1084 1342 1124 luolesveshlr

213 1101 348 1166 Cerdici
362 1105 455 1184 regis
482 1106 642 1182 oriundo,
670 1106 922 1181 commendato,
947 1125 1008 1168 rex
1044 1106 1105 1169 Ine
1130 1106 1172 1169 ad
1187 1135 1323 1182 nnuma

211 1199 330 1262 limina
342 1203 520 1265 beatorum
537 1202 798 1285 Apostolorum,
812 1202 983 1284 Gregorio
996 1205 1174 1286 pontifica·
1187 1184 1341 1272 ssihiiiiiii‘h

214 1306 286 1360 tum
320 1308 457 1379 agente,
485 1303 664 1382 profectus
698 1310 762 1378 est,
799 1302 943 1383 cupiens
978 1303 1012 1365 in
1046 1283 1267 1366 viciniam*

212 1403 410 1460 sanctorum
447 1398 603 1463 locorum
642 1401 687 1463 ad
719 1408 855 1480 tempus
888 1401 1101 1481 peregrinari
1138 1402 1174 1463 in

213 1495 325 1569 terris,
342 1514 410 1576 quo
428 1496 631 1561 familiarius
657 1518 679 1560 a
698 1499 828 1559 sanctis
854 1499 960 1577 recipi
984 1508 1174 1560 mereretur

213 1592 247 1653 in
262 1591 384 1655 coelis.2
438 1595 567 1658 Eodem
585 1614 677 1658 anno
693 1595 845 1675 proeliati
861 1604 943 1657 sunt
960 1614 1022 1658 rex
1040 1595 1174 1658 AEthel·
1188 1609 1282 1696 mem

212 1689 341 1752 hardus
365 1699 400 1754 et
419 1692 601 1756 Oswaldus
625 1694 718 1769 clito,
745 1693 835 1755 filius
861 1692 1090 1770 AEthelbaldi,
1114 1693 1174 1756 filii
1188 1706 1327 1794 AEpghenfg

216 1786 419 1868 cyneuaraa
437 1790 498 1853 fini
516 1791 706 1867 cuthwin,
723 1789 783 1852 nur
803 1789 988 1853 ceaulini.³
1188 1767 1215 1794 ”¹
1327 1783 1331 1792 ·

226 1945 228 1948 ,
264 1885 387 1949 Mense
405 1887 574 1952 Januario
596 1897 742 1952 cometae
767 1888 835 1950 duo
861 1887 954 1950 circa
980 1887 1088 1949 solem
1115 1906 1174 1969 ap·
1203 1901 1229 1939 A·
1239 1901 1266 1939 1³·
1278 1898 1323 1936 ⁷²⁰·

213 2001 370 2064 paruere,
388 1993 423 2047 et
438 1985 572 2048 duabus
590 1987 696 2050 ferme
713 1984 914 2067 septimanis
929 1983 1176 2065 permansere.⁴
1188 1966 1239 2004 ”⁰
1251 1968 1341 2003 ⁰⁰¹¹¹“''

213 2080 294 2157 Quo
316 2100 408 2145 auno
433 2090 576 2146 sanctus
606 2085 660 2146 vir
685 2083 825 2145 Domini
852 2082 1057 2162 Ecghertus‚
1073 2081 1175 2163 cujus
1188 2092 1303 2190 &3232

212 2198 306 2261 saepe
332 2181 563 2257 meminimus,
589 2181 667 2262 ipso
694 2181 749 2244 die
771 2179 930 2255 Paschae,
960 2179 1053 2261 quod
1081 2186 1174 2242 v1u0.

213 2275 283 2340 kal.
302 2277 478 2341 Maiarum
493 2279 549 2342 die
572 2280 632 2360 [24
654 2278 760 2361 Apa]
777 2279 1030 2354 celebrabatur,
1046 2278 1174 2358 migra·

213 2375 263 2437 vit
277 2375 322 2438 ad
337 2374 552 2439 Dominum.⁵
603 2377 650 2441 Et
672 2396 768 2453 mon,
784 2384 927 2457 peracto
946 2374 1096 2452 Pascha,
1111 2377 1175 2438 hoc
1189 2403 1259 2441 nesta
1269 2401 1294 2440 or

212 2482 278 2548 est,
304 2490 367 2536 vu.
393 2474 471 2536 idus
494 2474 582 2537 Maii
612 2474 651 2555 [9
679 2475 795 2554 Μαίη,
824 2472 926 2537 Osric
949 2493 1012 2536 rex
1042 2450 1343 2540 North-ltlfllhl⁰‘

212 2571 481 2653 anhymbrorum
508 2573 582 2635 vita
606 2572 767 2648 decessit,
793 2581 829 2635 et
850 2571 992 2635 fratrem
1019 2551 1306 2651 Kynrediisslissllss'

213 2671 316 2750 “gisi
333 2671 392 2750 qui
417 2678 498 2733 ante
524 2690 562 2733 se
590 2678 811 2751 regnaverat,
830 2668 1035 2742 ceolwlfum
1066 2668 1176 2732 haere.
1188 2647 1299 2689 ΟΜΝ·

212 2768 291 2830 dem
317 2767 383 2830 sibi
407 2768 490 2830 fecit
503 2767 527 2845 ;4
550 2768 595 2831 ad
617 2788 720 2848 quem
739 2768 848 2843 Beda,
864 2767 1016 2829 famulus
1034 2765 1176 2841 Christi,

115 2930 116 2935 ,
213 2867 395 2947 presbyter
410 2874 445 2928 et
462 2866 664 2943 monachus,
693 2865 886 2928 Historiam
904 2863 1030 2927 Gentis
1046 2863 1177 2944 Anglo·

215 2983 292 3026 rum
326 2963 610 3026 Ecclesiasticam
642 2964 791 3044 scripsit.
845 2962 1032 3027 Ceolwlfus
1060 2963 1177 3024 extitit

215 3061 306 3123 filius
325 3060 462 3136 Cuthae,
474 3063 535 3142 qui
549 3061 617 3125 fuit
633 3061 817 3136 Cuthwini‚
832 3061 892 3141 qui
906 3061 972 3123 suit
988 3059 1178 3141 Ecgwaldi,

214 3159 274 3241 qui
302 3159 370 3222 fuit
395 3157 583 3235 Aldhelmi,
607 3161 667 3240 qui
684 3160 748 3223 luit
768 3159 884 3233 Occae,
912 3158 973 3240 qui
996 3157 1062 3220 fuit
1090 3157 1177 3232 Idae,

215 3258 275 3339 qui
293 3257 359 3319 fnit
375 3256 532 3338 EOPPae·³
1082 3272 1086 3279 ’
1206 3303 1323 3343 abaco.

267 3354 453 3418 Oswaldus
492 3354 575 3418 clito
609 3356 662 3417 vir
696 3355 955 3418 strenuissimus
995 3351 1179 3415 defunctus
1192 3365 1262 3402 Denh
1272 3364 1297 3401 οἰ
1307 3363 1344 3401 the

1191 3413 1294 3459 aetlreling

215 3451 294 3517 est}
1007 3471 1010 3475 ·
1192 3462 1286 3502 oswui.

267 3549 502 3614 Brihtwaldus
520 3549 813 3630 archiepiscopus,
828 3549 936 3629 longa
952 3554 1179 3626 consumptus
1210 3563 1274 3602 aa.
1285 3561 1330 3599 rar.

216 3656 333 3723 aetate,
348 3648 403 3710 die
422 3653 467 3709 v⁰.
484 3648 603 3709 iduum
628 3647 651 3710 J
655 3649 876 3711 anuariarum
904 3643 942 3730 [9
965 3647 988 3710 J
992 3643 1064 3728 an]
1084 3644 1180 3705 obiit.
1194 3626 1346 3715 ssffflwfflllp'

253 3823 415 3886 ¹Aldulsus.]
439 3823 541 3870 H.E.v
557 3827 597 3870 23.
622 3824 688 3871 Post
748 3821 812 3871 Ἠ.
826 3823 857 3872 Ε.
868 3834 892 3868 v.
905 3782 937 3867 7.=

215 3909 291 3955 quem
311 3895 475 3954 episcopatus
494 3891 602 3939 officium
624 3893 686 3939 Ald·
750 3914 837 3962 ,sak
850 3911 943 3960 ebron·

215 3964 285 4022 uulf,
312 3960 476 4009 Berhtwaldo
502 3960 690 4008 Doroverncnsi
752 4005 760 4033 ι
780 4005 804 4053 H
828 4005 850 4052 E
912 4009 918 4028 Ι

215 4032 408 4092 archiepiscopo
432 4035 603 4090 consecrante,
634 4043 692 4077 sus·
808 4042 814 4054 ·
854 4007 953 4053 .v.23.

216 4102 295 4161 cepit.
313 4100 395 4148 Editt.
752 4088 762 4116 ³
780 4090 820 4137 lb,
833 4104 855 4136 v,
868 4092 910 4135 ῃ,

1006 4182 1054 4225 εἳ
