3098 4770
364 324 428 387 198
741 335 950 384 canorucon

364 496 429 554 bus
439 490 643 572 quibusdam
655 493 927 568 advenientibus,
935 512 1012 555 cum
1024 491 1163 555 licentia
1173 491 1316 555 senioris

365 590 432 663 sui,
450 590 587 653 nomine
612 590 785 667 Cortram,
808 593 988 653 caritatem
1006 592 1056 654 eis
1073 591 1166 654 iecit.
1211 590 1317 654 Cum·

366 705 434 767 quc
457 687 597 766 quidam
626 698 705 771 post
731 690 845 752 cibum
874 696 989 750 essent
1017 689 1161 768 egressi,
1183 687 1234 750 illi
1256 688 1316 769 qui

367 796 617 863 remanserant,
641 788 684 850 ad
710 786 824 867 ignem
852 805 889 848 se
920 785 1174 860 calefacientes,
1196 803 1316 848 eonse-

367 882 506 959 derunt,
519 893 625 966 atque
639 886 756 948 bibere
772 885 872 947 abeo
889 884 1077 965 petierunt3
1094 901 1163 963 quo
1180 882 1318 945 nolente

369 982 444 1043 sine
477 983 630 1060 licentia,
661 991 850 1063 coegerunt
882 982 990 1044 illum.
1051 980 1206 1043 Tandem
1234 998 1317 1043 con·

369 1079 490 1153 sensit,
507 1081 602 1159 prius
621 1088 738 1142 tamen
753 1098 798 1141 ex
812 1096 854 1142 eo
868 1088 953 1158 potu
973 1078 1099 1141 seniori
1126 1096 1189 1140 suo
1216 1077 1317 1157 quasi

368 1174 642 1238 benedictionem
666 1176 769 1238 misit.
822 1174 983 1238 Crastino
1010 1184 1124 1238 autem
1142 1176 1186 1238 ab
1202 1194 1244 1238 eo
1265 1175 1319 1236 in-

369 1280 581 1353 terrogatus,
596 1272 687 1337 unde
702 1273 767 1336 sibi
780 1273 877 1335 illum
892 1284 1013 1355 potum
1027 1274 1187 1348 misisset,
1203 1273 1318 1335 omnia

369 1388 448 1449 quae
477 1380 578 1450 gesta
602 1379 699 1434 erant
723 1372 864 1449 retulit3
887 1390 1039 1452 moxque
1066 1380 1207 1451 propter
1227 1369 1317 1433 hanc

370 1475 505 1530 tantum
541 1469 691 1550 culpam,
716 1486 793 1531 eum
818 1470 932 1532 senior
956 1469 999 1531 de
1025 1469 1196 1531 Hibernia
1220 1467 1318 1530 exire

366 1566 486 1648 jussit,
519 1568 611 1648 quod
643 1566 701 1629 ille
732 1566 908 1630 humiliter
943 1565 1164 1647 adimplevit3
1200 1565 1318 1646 sicque

372 1663 521 1727 Fuldam
540 1666 693 1741 veniens,
708 1674 828 1728 sancte
842 1665 990 1729 vivendo
1002 1665 1168 1739 inclusus,
1183 1671 1316 1744 utprae·

370 1761 458 1836 dixi,
488 1763 586 1827 obiit.
639 1762 720 1825 Hoc
745 1769 860 1825 autem
886 1763 970 1824 mihi
999 1763 1117 1826 retulit
1143 1760 1319 1842 Tigeruah

370 1857 487 1919 senior
500 1877 609 1933 meus,
619 1876 697 1920 cum
713 1859 886 1939 quandam
897 1857 1034 1938 culpam
1047 1876 1191 1938 parvam
1202 1876 1317 1922 eoram

370 1972 412 2016 eo
442 1953 611 2017 iecissem.
669 1954 730 2018 Me
757 1973 893 2036 quoque
914 1955 1076 2017 audiente
1103 1955 1141 2017 in
1171 1954 1319 2017 Fuldam
1402 1964 1408 1973 ’

370 2050 517 2126 incluso,
532 2051 673 2133 quidam
691 2051 970 2131 religiosissimus
998 2050 1151 2134 ejusdem
1173 2052 1319 2115 coenobii

369 2148 572 2224 monachus,
584 2150 722 2212 nomine
733 2149 942 2225 Willelmus,
956 2149 1192 2231 supradictum
1200 2147 1320 2211 Anim-

369 2243 530 2320 chadum,
550 2244 626 2326 jam
654 2246 840 2327 sepultum,
866 2248 1016 2326 rogavit,
1044 2256 1083 2309 ut
1111 2265 1149 2309 se
1179 2246 1317 2309 benedi·

368 2349 485 2418 ceret3
509 2348 615 2422 atque
629 2342 721 2405 sicut
731 2350 854 2422 postea
864 2342 947 2404 mihi
962 2343 1191 2420 confirmavit,
1200 2344 1320 2407 eadem

368 2443 471 2500 nocte
501 2455 564 2518 per
592 2439 703 2501 visum
731 2439 819 2502 vidit
847 2438 1113 2514 Auimchadum,
1137 2440 1174 2502 in
1204 2441 1321 2521 sepul·

369 2533 452 2598 chre
475 2553 539 2597 suo
561 2542 723 2611 stantem,
737 2536 843 2599 nimio
860 2536 995 2617 fulgore
1013 2537 1191 2612 nitentem,
1208 2544 1244 2599 et
1256 2556 1319 2600 ex·

370 2638 472 2694 tensa
503 2651 608 2695 manu
637 2652 675 2695 se
697 2632 974 2696 benedicentem:
1006 2641 1183 2714 totamque
1209 2633 1321 2715 ipsam

371 2735 508 2791 noctem
523 2731 629 2792 etiam
644 2749 710 2810 ego
734 2730 897 2794 mellifluo
920 2730 1058 2811 plenam
1078 2730 1184 2793 odore
1204 2731 1320 2812 duxi]

372 2825 462 2887 Haec
478 2827 529 2888 ait
548 2827 741 2890 Marianus.

422 2922 636 2985 AElfwardus
662 2922 914 2986 Lundoniensis
936 2923 1077 3003 praesul,
1100 2923 1160 3004 qui
1183 2931 1219 2987 et
1239 2931 1321 2987 ante

371 3019 612 3100 episcopatum
656 3029 692 3084 et
729 3021 765 3082 in
801 3021 1018 3102 episcopatu,
1057 3021 1194 3083 abbatis
1229 3021 1321 3102 jure,

224 3111 251 3139 ⁰¹¹
267 3111 336 3140 ⁰¹¹⁰·
371 3115 667 3180 Eoveshamnensi
684 3117 842 3181 coenobio
868 3117 1019 3199 praefuit,
1043 3136 1121 3180 eum
1140 3118 1322 3198 pontifica-

369 3220 444 3275 tum
461 3214 703 3277 administrare
718 3233 782 3294 pro
797 3233 862 3276 sua
877 3215 1077 3277 infirmitate
1092 3216 1204 3277 minus
1227 3215 1321 3277 suffi-

371 3320 477 3385 ceret,
511 3311 756 3374 Eoveshammi
784 3313 932 3375 residere
958 3313 1080 3387 voluit,
1110 3312 1171 3374 sed
1195 3313 1320 3375 fratres

369 3405 438 3468 loci
453 3407 548 3469 iliius
564 3409 598 3470 id
614 3410 753 3471 omnino
768 3411 961 3471 consentire
977 3408 1188 3471 noluerunt.¹
1222 3408 1320 3486 Qua·

371 3510 526 3583 propter,
540 3505 667 3567 ablatis
688 3525 733 3568 ex
754 3507 908 3568 maxima
930 3515 1031 3586 parto
1056 3506 1152 3568 libris
1168 3514 1203 3569 et
1219 3525 1321 3570 orna·

370 3601 509 3675 mentis,
534 3621 614 3682 qnae
629 3604 704 3682 ipse
720 3601 831 3664 eidem
848 3605 1044 3666 contulerat
1066 3604 1155 3679 loce,
1170 3611 1206 3666 et
1227 3623 1321 3685 quae·

369 3697 461 3773 dam,
480 3705 520 3760 ut
535 3697 657 3774 fertur,
674 3718 753 3779 qnae
769 3699 828 3760 olii
843 3702 1074 3776 contulerant,
1090 3702 1133 3763 ad
1150 3711 1322 3765 monaste-

369 3794 457 3856 rium
486 3795 685 3877 Ramesege
710 3798 865 3870 secessit,
892 3806 927 3860 et
951 3799 1069 3860 omnia
1097 3817 1176 3878 quae
1204 3798 1323 3860 attulit

404 3969 411 3997 ¹
430 3973 589 4036 Noluerint]
613 3975 730 4023 Because
742 3975 773 4024 be
786 3990 840 4024 was
851 3976 961 4024 afflicted
972 3978 1035 4025 with
1046 3977 1156 4037 leprosy.
1192 3975 1240 4024 See
1252 3976 1321 4024 Hist.
1403 3960 1407 3967 ⁶

368 4038 468 4087 Remea.
481 4055 504 4087 c.
515 4043 565 4089 civ.
