3098 4770
371 351 414 416 88
750 363 959 411 onnourcon

373 525 496 600 adiret,
532 533 566 585 et
600 523 642 584 ad
675 521 848 603 quandam
874 520 1053 584 ecclesiam
1080 518 1200 582 orandi
1223 535 1328 580 causa

374 623 583 695 divertisset,
616 622 652 683 in
683 639 752 702 qua
789 628 930 683 sanctus
962 618 1101 684 Gueriir
1133 615 1327 698 requiescit,

373 726 516 783 sanctus
532 720 635 783 etiam
653 719 739 784 Niot
753 718 878 782 ibidem
894 726 1030 800 pausat,
1049 717 1107 779 diu
1122 716 1158 778 in
1174 714 1328 779 oratione

374 819 482 881 tacita
509 825 716 901 prostratus
738 818 804 881 Dei
829 817 1096 881 misericordiam
1120 813 1328 895 deprecabar·
1445 843 1447 848 ·

375 923 634 999 tur,quatonu3,
644 938 707 1000 pro
718 918 958 981 suaimmensa
967 914 1159 989 clementia,
1170 909 1328 976 stimulos

375 1017 555 1097 praesentis
572 1025 607 1079 et
623 1017 820 1079 infestantis
835 1014 1046 1077 infirmitatis
1074 1012 1192 1092 aquua
1217 1008 1327 1090 quali·
1390 1089 1394 1095 ι

375 1134 511 1197 cunque
548 1115 669 1178 leviori
705 1115 904 1176 infirmitate
936 1118 1097 1187 mutaret,
1139 1129 1181 1172 ea
1213 1115 1328 1169 tamen

375 1213 584 1286 conditione,
600 1221 640 1274 ut
665 1211 891 1292 corporaliter
905 1211 1056 1274 exterius
1071 1210 1132 1272 illa
1147 1205 1327 1271 infirmitas

375 1328 445 1372 non
477 1303 672 1390 appareret,
703 1328 745 1371 ne
775 1307 958 1389 despectus
990 1315 1024 1371 et
1062 1307 1193 1370 inutilis
1225 1309 1328 1368 esset.

378 1407 546 1470 Oratione
576 1407 686 1483 linita,
714 1414 866 1488 coeptum
902 1408 967 1471 iter
998 1407 1154 1487 arripuit,
1186 1412 1220 1468 et
1259 1421 1327 1465 non

374 1507 485 1569 multo
515 1514 595 1588 post
620 1514 786 1586 tempore,
815 1512 854 1566 ut
883 1507 918 1569 in
946 1506 1100 1568 oratione
1124 1504 1329 1585 deprecatus

375 1605 499 1679 fuerat,
516 1626 553 1669 se
571 1607 615 1667 ab
632 1605 692 1668 illo
709 1604 827 1667 dolore
844 1604 1052 1668 medicatum
1073 1622 1147 1667 esse
1165 1601 1329 1664 divinitus
1355 1665 1360 1680 ,

222 1731 305 1780 aa„
375 1705 494 1779 sensit,
519 1706 569 1768 ita
594 1712 633 1766 ut
662 1704 816 1766 funditus
851 1704 1101 1767 eradicaretur:
1142 1702 1213 1777 sed,
1243 1697 1328 1781 prob

210 1781 222 1808 ⁸
249 1781 312 1809 Μ’
375 1800 484 1876 dolor,
510 1822 550 1865 eo
581 1811 710 1878 amoto,
740 1802 830 1864 alius
854 1803 1011 1865 infestior
1035 1803 1070 1864 in
1095 1800 1225 1883 nuptiis
1252 1816 1327 1860 eum

376 1899 535 1979 arripuit,
552 1898 610 1980 qui
638 1918 659 1960 a
678 1899 839 1962 vicesimo
867 1901 982 1962 aetatis
1008 1919 1081 1962 suae
1106 1918 1195 1963 anno
1219 1913 1330 1976 usque

375 1996 420 2058 ad
444 1996 748 2084 quadragesimum
764 1998 921 2078 quintum
939 2006 973 2062 et
996 2018 1036 2062 eo
1063 1998 1211 2080 amplius
1233 1995 1328 2056 illum

376 2094 431 2158 die
445 2091 620 2176 noctuque
641 2096 893 2160 incessabiliter
914 2097 1086 2178 fatigavit.
1140 2094 1228 2158 Nati
1250 2097 1331 2154 sunt

376 2213 460 2273 ergo
484 2195 516 2256 ei
543 2194 604 2256 filii
633 2203 666 2257 et
692 2193 772 2256 filiae
797 2195 839 2257 de
867 2195 1068 2274 supradicta
1093 2192 1242 2274 conjuge
1267 2206 1332 2251 sua

377 2290 606 2366 Ealbswitba,
634 2290 817 2371 AEgelflaed
846 2292 1087 2372 primogenita,
1116 2298 1195 2372 post
1226 2307 1331 2371 quam

377 2387 564 2461 Eadward,
581 2388 703 2450 deinde
721 2388 968 2469 AEthelgeovu,
985 2399 1107 2471 postea
1126 2387 1331 2470 AElfthryth,

376 2484 500 2548 deinde
532 2486 747 2548 AEthelward
780 2495 882 2550 natus
910 2496 975 2552 est.
1036 2485 1246 2562 AEtbelflaed,
1271 2484 1331 2546 ad-

377 2584 535 2646 veniente
572 2585 780 2646 matrimonii
815 2593 981 2667 tempore‚
1014 2583 1203 2649 AEtberedo
1237 2583 1331 2646 Mer·

375 2681 506 2742 ciorum
533 2683 650 2744 comiti
674 2683 893 2745 matrimonio
912 2685 1075 2766 copulata
1098 2690 1171 2761 est3
1196 2680 1331 2744 AEtbel·

375 2778 479 2858 geofu
506 2780 705 2842 monasticae
730 2781 811 2843 vitae
837 2782 979 2861 regulis,
1006 2783 1131 2845 devota
1156 2781 1232 2843 Deo
1263 2778 1331 2842 vir-

374 2875 533 2954 ginitate,
549 2871 734 2959 subjuncta
763 2886 797 2940 et
825 2889 1039 2955 consecrata,
1055 2880 1208 2942 diuinum
1227 2877 1333 2941 subiit

374 2973 576 3052 servitium3
603 2976 829 3052 AEtbelward,
847 2979 1006 3041 omnibus
1025 2977 1154 3060 junior,
1169 2977 1331 3040 literariae

374 3071 576 3152 disciplinae,
608 3074 724 3136 divino
764 3076 906 3139 consilio
947 3077 1207 3156 admirabilique
1240 3075 1332 3156 regis

374 3170 604 3249 providentia,
624 3180 658 3233 et
674 3191 791 3235 omnes
807 3193 895 3254 pene
911 3175 1018 3236 totius
1034 3175 1184 3256 regionis
1199 3173 1332 3236 nobiles

374 3268 409 3359 et
421 3267 525 3330 etiam
542 3269 642 3331 multi
651 3271 832 3349 ignobiles,
848 3274 913 3334 sub
924 3272 1079 3353 diligenti
1090 3272 1332 3352 magistrorum

374 3384 469 3439 cura,
503 3366 621 3428 traditi
646 3377 738 3444 sunt,
771 3378 808 3431 ut
838 3378 1026 3450 antequam
1049 3376 1149 3451 aptas
1174 3370 1333 3432 humanis

374 3463 506 3525 artibus
533 3466 624 3526 vires
652 3466 829 3542 baberent,
858 3468 1058 3530 liberalibus
1082 3470 1334 3530 instruerentur

374 3562 517 3623 artibus.
572 3561 741 3626 Eadward
762 3573 796 3627 et
820 3565 1012 3647 AElfthryth
1032 3584 1168 3646 semper
1182 3566 1216 3627 in
1235 3573 1333 3629 curto

374 3660 470 3738 regio
498 3658 632 3735 nutriti,
661 3680 730 3723 non
758 3664 831 3725 sine
858 3663 992 3726 liberali
1025 3663 1219 3745 disciplina,
1245 3664 1335 3727 inter

375 3765 502 3819 caetera
533 3760 714 3838 praesentis
752 3761 833 3824 vitae
867 3762 995 3837 studia,
1026 3763 1178 3843 psalmos
1209 3769 1243 3824 et
1274 3762 1335 3824 Sa·

374 3857 520 3917 xonicos
559 3857 676 3931 libros,
711 3860 932 3941 maximeque
967 3858 1141 3923 Saxonica
1170 3860 1335 3934 carmina,

375 3953 529 4016 studiose
545 3953 738 4018 dedicere.’'

207 4048 345 4146 ssgg‘ffifel·
426 4051 508 4111 “At
541 4070 600 4112 rex
636 4052 816 4116 AElfredus
844 4055 934 4116 inter·
968 4055 1060 4116 bella
1090 4061 1124 4116 et
1155 4055 1336 4134 praesentis
