3098 4770
365 287 431 351 216
743 300 952 348 canomcou

369 455 588 535 Bromleage,
605 472 645 518 11.
662 454 733 519 kal.
751 456 962 538 Septembris
980 454 1038 539 [31
1053 453 1163 539 Aug.]
1182 454 1216 515 in
1232 454 1323 515 bona

369 553 518 617 decessit
551 562 740 631 senectute,
774 564 809 618 et
844 554 1039 618 Coventreo
1077 551 1232 634 sepultus
1271 558 1324 612 est

207 674 349 712 trutinam
371 650 587 725 honorifice3¹
604 653 695 734 quod
707 651 965 725 monasterium,
982 652 1073 713 inter
1090 658 1216 713 caetera
1232 650 1323 711 bona

207 724 231 761 ol
239 723 320 761 Leot'rle

208 771 351 810 ananum
371 769 450 831 quae
470 751 506 812 in
527 770 593 812 sua
612 752 683 814 vita
706 750 815 830 gessit
834 767 952 830 opera,
973 748 1049 828 ipse
1074 755 1108 809 et
1127 766 1219 809 uxor
1236 745 1324 828 ejus,

208 821 316 916 (683ἔῖ2).
372 848 440 911 Dei
467 849 609 924 cultrix,
638 856 838 928 sanctaeque
869 845 994 909 Mariae
1022 863 1158 925 semper
1182 843 1324 922 virginis

372 948 522 1012 amatrix
534 947 673 1022 devota,
686 946 810 1009 nobilis
826 946 1002 1008 comitissa
1017 942 1190 1022 Godgiva‚
1205 941 1246 1003 de
1261 959 1325 1002 suo

371 1047 581 1125 patrimonio
608 1064 630 1108 a
655 1044 887 1107 fundamentis
920 1048 1201 1115 construxerunt,
1228 1047 1264 1102 et
1287 1037 1323 1100 id

371 1144 474 1204 terris
515 1141 724 1204 sufficienter
762 1140 1077 1221 locupletaverunt,
1116 1136 1325 1200 ornamentis

371 1239 478 1301 variis
502 1238 588 1301 adeo
611 1238 820 1313 ditaverunt,
836 1243 874 1299 ut
891 1239 926 1299 in
949 1237 1081 1317 Anglia
1104 1243 1203 1299 tanta
1225 1234 1324 1314 copia

372 1336 461 1412 auri,
488 1337 637 1416 argenti,
661 1354 887 1417 gemmarum,
911 1336 1135 1417 lapidumque
1161 1333 1325 1414 pretioso·

319 1451 321 1455 ’
372 1453 448 1495 rum
466 1435 501 1496 in
517 1434 614 1496 nullo
631 1435 844 1497 inveniretur
859 1434 1082 1508 monasterio,
1098 1440 1228 1513 quanta
1243 1438 1325 1493 tunc

373 1533 538 1613 temporis
560 1532 753 1595 habebatur
771 1533 805 1593 in
829 1532 900 1595 illo.
955 1528 1146 1593 Leonense²
1164 1528 1264 1592 etiam
1289 1537 1324 1591 et

371 1630 648 1694 Wenlocanense
682 1632 889 1706 coenobium,
929 1629 1118 1710 Sanctique
1155 1626 1326 1691 Johannis

374 1729 558 1810 Baptistae,
585 1748 626 1791 ac
649 1729 785 1793 Sanctae
808 1729 1015 1808 Werburgae
1041 1727 1185 1807 virginis
1207 1743 1324 1788 mona·

372 1827 479 1888 steria
487 1827 523 1887 in
533 1825 779 1905 Legeceastra³
791 1828 872 1900 sita,
883 1833 918 1888 et
929 1826 1112 1888 ecclesiam
1126 1842 1230 1905 quam
1243 1822 1324 1884 Lin-

372 1921 592 1984 dioolinensis
606 1921 734 2003 praesul
751 1921 954 1984 Eadnothus
969 1923 1006 1983 in
1022 1921 1100 1984 loco
1117 1920 1248 1982 famoso
1266 1919 1326 1999 qui

373 2018 512 2082 Sanctae
529 2019 653 2082 Mariae
669 2019 756 2083 Stou
771 2018 930 2100 Anglice,
947 2019 1073 2081 Latine
1088 2037 1172 2082 vero
1186 2011 1326 2079 'Sanctae

373 2116 499 2180 Mariae
545 2117 660 2181 Locus
692 2117 900 2199 appellatur,
932 2116 1095 2198 pretiosis
1131 2116 1328 2185 ditaverunt

371 2216 595 2279 ornamentis.
650 2215 882 2296 wigornense
914 2234 1052 2295 quoque
1084 2213 1328 2282 monasterium

373 2312 486 2387 terris,
512 2321 548 2374 et
580 2310 886 2375 Eoveshamnense
918 2312 1085 2386 aedificiis,
1118 2318 1328 2380 ornamentis

373 2408 492 2486 variis,
512 2409 682 2490 terrisque
705 2409 1016 2491 locupletaverunt.
1070 2409 1190 2493 Hujus
1208 2413 1327 2493 itaque

374 2506 510 2570 comitis
532 2507 715 2589 sapientia,
738 2508 902 2588 quamdiu
920 2508 1022 2584 vixit,
1044 2509 1196 2590 regibus,
1218 2512 1326 2575 omni·

212 2620 295 2669 AElsrn
374 2623 441 2685 que
475 2603 671 2686 Anglorum
701 2604 831 2687 populo
864 2605 1011 2669 multum
1040 2606 1205 2687 profecit3
1228 2610 1329 2692 cujus

209 2671 311 2709 succeeds

209 2718 301 2759 name.
373 2702 539 2765 ducatum
570 2702 662 2765 filius
692 2722 777 2766 suus
808 2703 963 2784 Algarus
993 2706 1161 2786 suscepit.
1228 2705 1328 2772 Heca

208 2767 270 2806 lices
278 2768 312 2817 bp.
322 2770 347 2808 ot

210 2817 337 2904 suffia..
373 2801 502 2881 praesul
536 2799 754 2864 Australium
796 2800 976 2864 Saxonum
1016 2802 1122 2882 obiit3
1160 2823 1224 2885 pro
1258 2825 1327 2887 quo

208 2865 319 2956 itti..
373 2898 572 2978 AEgelricus
592 2897 723 2961 Christi
743 2898 911 2962 Ecclesiae
928 2900 1117 2963 monachus
1136 2900 1328 2968 Cantwari-

209 3011 259 3099 ξω
271 3011 355 3052 aaut
373 2996 477 3070 ensis,
492 2994 656 3074 eligitur.1
698 2995 872 3059 Radulfus
887 2999 1108 3077 supradictus
1125 3018 1239 3064 comes
1255 3019 1326 3067 x11.

209 3071 243 3102 ⁰‘
374 3091 443 3154 rai.
473 3093 636 3157 sanuarn
665 3089 724 3176 [21
745 3092 849 3179 nee]
873 3095 1034 3172 decessit,
1065 3097 1162 3159 etin
1190 3099 1330 3164 abbatia

373 3209 451 3270 quae
468 3190 566 3253 Burh
582 3200 739 3267 vocatur,
754 3193 948 3255 tumulatus
966 3202 1030 3257 est.

221 3304 282 3343 nn.
295 3306 351 3344 nra.
425 3287 694 3367 [Paderbrunna
710 3290 833 3352 civitas
852 3310 929 3353 cum
948 3292 1083 3355 duobus
1100 3295 1329 3371 monasteriis,

209 3368 331 3455 ξξῗζζωω
371 3384 408 3446 id
435 3393 501 3460 est,
525 3388 747 3467 episcopatus
773 3396 810 3452 et
830 3389 1089 3465 monachorum,
1113 3389 1199 3454 seria
1226 3401 1329 3455 sexta

210 3497 341 3536 ottheson
374 3490 454 3544 ante
486 3482 628 3545 Palmas
661 3485 720 3563 [10
747 3483 853 3565 Apa]
885 3488 965 3566 igne
995 3490 1222 3552 consumitur.
1284 3490 1328 3553 In

210 3546 323 3587 Paternus.

374 3581 586 3643 monasterio
616 3588 732 3643 autem
763 3583 1010 3646 monachorum
1039 3593 1116 3649 erat
1141 3587 1328 3650 monachus

373 3679 511 3740 nomine
539 3677 723 3753 Paternus
753 3678 907 3756 Scottus,
932 3683 1121 3765 multisque
1151 3686 1250 3747 annis
1276 3687 1328 3748 in·

373 3775 502 3851 clusus,
520 3776 580 3857 qui
596 3777 700 3838 etiam
718 3777 832 3858 ipsum
851 3782 1109 3861 praenuntiabat
1124 3782 1327 3859 incendium,

377 3884 1329 3905 Μ

408 3921 414 3949 ¹
433 3925 495 3973 Sar.
509 3925 603 3975 Chron.

407 3986 417 4012 r
434 3993 576 4055 Leonem]
596 3994 633 4041 Of
644 3996 807 4045 Leominster·
901 3961 911 3993 ³
928 3965 1108 4027 Legeceastrc.]
1127 3964 1239 4014 chester.
