3098 4770
344 311 408 375 154
711 323 922 372 cunomcon

345 497 509 560 moreque
533 477 638 541 solito
660 477 787 558 praedae
809 478 943 554 institit,
966 484 1002 540 et
1023 477 1293 558 quotiescunque

345 579 381 640 in
396 576 511 638 Vecta
521 575 647 658 jacuit,
665 575 707 637 de
729 574 1000 650 Sum-Saxonis,
1015 582 1051 638 et
1071 573 1115 636 de
1131 572 1291 636 Sutham-
1375 577 1381 587 '

345 673 482 736 tunensi
498 674 675 754 provincia
696 674 762 735 sibi
777 673 908 736 victum
928 673 1072 754 accepit.
1114 670 1293 734 Adversus

345 778 478 834 tantam
501 777 744 852 tempestatem
768 770 968 833 multotiens
989 776 1217 850 congregatus
1240 773 1294 830 est

345 869 531 946 exercitus,
537 869 598 932 sed
611 871 769 950 quotiens
781 864 1292 950 proeliumessentcommissuri‚

345 966 466 1048 Angli,
481 975 543 1030 aut
557 968 702 1042 insidiis,
717 975 779 1029 aut
791 967 909 1049 aliquo
924 964 1110 1030 infortunio
1124 962 1291 1043 impediti,

346 1071 445 1145 terga
459 1073 648 1140 verterunt,
660 1073 695 1127 et
706 1065 864 1126 hostibus
877 1063 1056 1126 victoriam
1067 1058 1257 1123 dederunt}

199 1212 225 1249 Α
233 1210 260 1248 1,
271 1211 315 1248 ooo
397 1161 497 1242 Saepe
512 1161 625 1222 dictus
643 1161 817 1222 exercitus
840 1161 1061 1240 Paganorum
1082 1157 1207 1220 ostium
1223 1155 1293 1220 Ta·

182 1277 229 1314 τι
239 1276 311 1314 nm·
347 1258 472 1318 mensis
506 1256 693 1318 fluminis
684 1274 873 1336 ingressus,
903 1275 964 1336 per
993 1256 1119 1318 fiumen
1150 1254 1293 1318 Meode-

182 1326 307 1416 'r't‘iiiihm
345 1373 466 1434 weage
491 1353 761 1418 Roveceastram
785 1353 979 1428 advehitur,
1006 1371 1149 1432 eamque
1173 1352 1292 1433 paucis

346 1452 467 1514 diebus
480 1451 658 1514 obsidione
670 1452 792 1515 cinxit.
820 1450 877 1514 Ad
891 1469 977 1532 quos
990 1449 1203 1531 repellendos
1214 1469 1294 1512 con·

346 1550 479 1631 globati
490 1549 777 1625 Cantwarienses,
794 1568 954 1631 asperum
971 1548 1114 1611 cumeis
1134 1547 1291 1628 proelium

345 1650 475 1725 ineunt,
491 1649 552 1711 sed
573 1648 689 1711 multis
709 1667 753 1711 ex
772 1648 826 1710 his
842 1655 877 1711 et
893 1647 962 1710 illis
979 1646 1090 1722 caesis,
1105 1646 1198 1709 Dani
1214 1645 1291 1710 loco

182 1768 315 1816 anunm„
346 1746 567 1808 dominantur
577 1747 715 1809 funeris
754 1746 849 1809 Hinc
862 1746 996 1826 eqmtes
1008 1744 1128 1820 effectu
1138 1743 1292 1807 occiden-

182 1817 249 1856 Μ
346 1843 449 1904 talem
468 1841 602 1905 Cantiae
620 1842 758 1922 plagam
776 1841 881 1903 ferme
897 1849 1006 1903 totam
1027 1848 1108 1902 sunt
1130 1841 1292 1904 demoliti.

346 1936 428 2014 Qua
452 1956 490 2001 re
512 1939 663 2018 cognita,
685 1956 749 1999 rex
763 1936 958 2017 Anglorum
972 1936 1190 2016 AEgelredns,
1211 1957 1293 2001 suo·

346 2055 422 2099 rum
446 2037 634 2117 primatum
650 2035 806 2112 consilio,
822 2041 858 2098 et
877 2034 1023 2098 classem
1043 2041 1077 2097 et
1099 2034 1292 2114 pedestrem

345 2133 573 2214 congfegavit
597 2134 800 2209 exercitum3
835 2151 953 2195 verum
976 2133 1056 2194 dum
1081 2139 1214 2213 paratae
1237 2151 1292 2194 es·

345 2238 424 2293 sent
436 2249 557 2306 naves,
574 2230 679 2293 duces
694 2231 867 2292 exereitus
883 2231 925 2292 de
940 2230 995 2292 die
1005 2230 1040 2292 in
1054 2228 1145 2292 diem
1161 2237 1292 2294 moram

343 2326 469 2409 coeptis
496 2327 723 2403 innectentes,
735 2327 911 2412 ‚populum
931 2328 1084 2408 graviter
1105 2329 1291 2391 vexabant.

327 2422 402 2487 ‘Ad
439 2424 599 2488 ultimum
629 2444 723 2501 vero,
757 2444 821 2489 nec
853 2424 999 2489 classica
1029 2443 1092 2488 nec
1114 2425 1291 2506 ¹pedestris

342 2541 466 2585 manus
503 2523 689 2605 quicquam
726 2523 917 2586 communis
954 2521 1115 2586 utilitatis
1153 2523 1291 2603 agebat,

342 2627 468 2700 praeter
505 2620 627 2702 populi
661 2619 826 2697 laborem,
865 2621 1020 2701 pecuniae
1055 2619 1291 2699 perditionem,

342 2717 493 2780 hostium
507 2718 749 2781 mutationem
752 2716 765 2751 ²

190 2839 252 2880 nn.
259 2840 317 2878 noo.
392 2814 574 2879 Danorum
589 2815 710 2879 classis
731 2815 880 2921 praefata
900 2816 986 2879 hoc
986 2833 1076 2878 anno
1100 2774 1290 2879 Nortman·

178 2903 318 3002 {law
342 2914 434 2975 niam
460 2915 560 2994 petit.
628 2913 709 2976 Rex
733 2902 941 2992 AEgelredus
970 2922 1097 2978 terram
1125 2912 1293 2976 Cnmbro·

178 3003 292 3042 &⁰¹²³ss
342 3031 418 3073 rum
434 3010 506 3074 fere
524 3018 635 3074 totam
652 3009 882 3092 depopulatus
898 3020 967 3074 est.
1016 3010 1084 3073 Hic
1100 3028 1174 3073 suae
1188 3010 1292 3073 classi

178 3063 266 3098 ravage·

178 3100 322 3189 fflffi‘ffd
342 3109 530 3184 mandavit,
549 3115 588 3170 ut
606 3109 901 3188 circumnavigata
920 3109 1185 3191 Septentrionali
1201 3109 1292 3191 Bry-

342 3207 473 3283 tannia,
489 3207 525 3269 in
547 3207 623 3269 loco
649 3207 837 3269 constituto
854 3207 920 3268 sibi
942 3212 1155 3278 occurrerem
1178 3206 1239 3269 sed
1256 3206 1292 3269 vi
1392 3245 1396 3253 -

341 3312 524 3366 ventorum
546 3305 738 3385 praepedita
758 3324 827 3367 non
847 3304 979 3385 potuit:
1006 3304 1153 3366 insulam
1176 3310 1291 3366 tamen

341 3419 420 3480 quae
436 3401 590 3481 Monege
606 3401 732 3465 dicitnr
746 3399 969 3465 devastavit.²

190 3521 252 3561 uo.
264 3523 322 3561 ιοοι.
392 3497 554 3560 Iuventio
575 3500 727 3579 corporis
747 3500 862 3562 saneti
883 3499 1002 3563 lvonis
1020 3495 1292 3580 archiepiscopi.³

178 3586 294 3675 ὲῗῖἷῖξῖω
307 3587 334 3625 ⁰¹
342 3593 559 3658 Memoratus
577 3595 800 3676 Paganorum
821 3598 994 3660 exercitus
1013 3598 1054 3660 de
1076 3595 1292 3661 Normannia

376 3801 383 3830 ¹
401 3807 462 3855 Sex.
472 3806 566 3856 Chron.
576 3808 728 3856 Domnaniae
738 3824 805 3870 prae·
867 3803 878 3833 ²
893 3809 955 3858 Sax.
967 3809 1060 3858 Chron.

339 3875 395 3921 sule
407 3875 512 3924 AElirico
531 3876 661 3938 defuncto,
679 3879 805 3926 successit
866 3874 876 3904 ³
892 3877 1095 3940 Arcbiepiscopt']
1119 3877 1170 3924 For
1185 3875 1227 3924 the
1244 3876 1291 3924 lull

338 3941 494 4004 Alt'woldus,
527 3945 616 4004 illique
652 3947 716 3994 alter
747 3947 804 3995 Alf·
831 3947 981 4006 particulare
993 3947 1022 3994 os
1036 3946 1086 3993 tbis
1103 3945 1235 4004 discovery
1247 3959 1290 3992 see

338 4011 448 4059 woldus.
474 4012 540 4060 Add.
553 4013 603 4060 alio
616 4027 696 4062 vianna.
830 4015 901 4061 Hist.
914 4014 1015 4062 Rames.
1028 4029 1084 4073 cap.
1098 4024 1188 4060 uxvlu.
