3098 4770
448 316 642 363 rnornuru
672 317 953 365 wrceaurausrs,
1108 301 1173 365 167

218 468 435 532 Wintoniam
451 471 670 551 properavit:
695 488 856 550 quocum
871 469 1035 545 venisset,
1051 470 1173 532 crude·
1185 489 1318 548 araur-to

218 566 328 630 litatis
349 568 426 649 ejus
448 567 686 648 magnitudine
703 569 795 631 cives
812 567 1071 632 Wintonienses
1093 588 1171 648 per·-
1185 538 1337 627 Xffffiii‘o‘n.

219 667 343 740 territi,
374 684 496 746 pacem
528 684 607 727 cum
640 684 681 729 eo
711 667 784 728 sine
811 669 908 729 mora
939 666 1105 739 fecerunt,
1135 673 1172 729 et

217 762 355 825 obsides
370 782 458 842 quos
471 763 526 824 vel
539 771 625 842 quot
640 764 795 844 expetiit,
810 764 988 827 dederunt.
1035 762 1171 839 Quibus

216 861 381 940 acceptis,
401 879 523 922 versus
543 860 760 924 Lundcniam
777 863 885 924 movit
905 862 1107 936 exercitum,
1127 862 1170 923 de

216 974 286 1035 quc
301 958 401 1019 multi
417 958 452 1019 in
469 958 633 1020 Tamensi
649 959 754 1022 fluvio
768 959 936 1020 submersi
953 959 1169 1033 interierunt,

216 1055 299 1132 quia
327 1073 504 1136 nunquam
535 1064 677 1135 pontem
712 1074 822 1137 neque
853 1055 980 1118 vadum
1014 1073 1169 1136 quaerere
1228 1066 1230 1069 ’

214 1152 413 1215 voluerunt.
464 1152 622 1233 Cumque
638 1153 852 1217 Lundoniam
871 1154 1032 1226 venisset,
1051 1152 1169 1214 multis
1183 1171 1293 1219 nepum

1182 1222 1236 1258 irem
1247 1221 1304 1260 Lon-

215 1248 324 1310 modis
349 1250 446 1311 illam
473 1250 529 1312 vel
557 1251 638 1314 dolo
663 1271 797 1331 capere,
824 1251 880 1313 vel
906 1253 942 1313 vi
964 1269 1168 1330 expugnare
1182 1271 1231 1313 aon.
1243 1271 1270 1307 u„

215 1355 361 1408 conatus
382 1354 457 1419 est;
481 1347 543 1409 sed
562 1366 627 1409 rex
648 1346 841 1426 Anglorum
860 1347 1066 1426 AEgelredus
1089 1366 1167 1408 cum
1182 1320 1322 1415 bilil‘ff'db

214 1443 359 1519 civibus,
376 1451 412 1506 et
422 1444 603 1526 juvamine
619 1445 745 1507 Danici
757 1445 891 1508 comitis
906 1443 1057 1507 Turkilli
1074 1463 1168 1525 saepe
1181 1417 1224 1455 and
1234 1417 1298 1456 Μ’

213 1543 407 1617 memorati,
436 1543 495 1623 qui
523 1562 641 1605 secum
667 1550 749 1605 tunc
775 1543 938 1622 temporis
960 1544 1054 1604 intus
1080 1551 1167 1617 erat,

212 1656 330 1699 muros
345 1641 441 1701 urbis
455 1641 602 1702 viriliter
615 1640 776 1714 defendit,
788 1648 823 1702 et
836 1639 934 1701 illum
950 1641 1086 1718 abegit:
1107 1641 1166 1718 qui

213 1733 381 1814 repulsuS,
395 1737 506 1813 primo
518 1736 828 1816 Walingafordam‚
840 1737 918 1797 dein
936 1734 1087 1809 Bathan,
1104 1737 1165 1798 ob-

212 1832 270 1893 via
285 1850 435 1912 quaeque
456 1851 552 1894 more
574 1828 679 1896 solit'c
695 1834 860 1914 rapiendo
881 1841 917 1895 et
939 1833 1166 1909 demolienda

212 1928 309 2004 adiit,
334 1930 451 2010 ibique
475 1933 667 1994 exercitum
690 1949 790 1994 suum
821 1931 1056 2011 refrigerando
1082 1950 1165 1994 eon·

211 2026 310 2091 sedit.
363 2027 465 2090 Tunc
487 2029 583 2091 venit
600 2029 643 2090 ad
665 2047 742 2090 eum
757 2028 993 2090 AEthelmarus
1010 2029 1165 2091 Domna-
1179 2049 1314 2088 suamnaon

213 2125 279 2185 niae
304 2143 432 2199 comes,
456 2135 593 2186 etcum
616 2143 657 2186 e0
682 2124 912 2187 occidentales
942 2125 1101 2198 ministri,
1132 2132 1167 2187 et
1179 2099 1333 2236 {ffigfss

212 2238 298 2299 pace
313 2240 392 2283 cum
405 2221 466 2284 illo
480 2208 586 2296 sacta,
599 2222 735 2284 obsides
749 2222 800 2284 illi
814 2222 995 2300 dederunt.
1032 2219 1167 2298 Quibus
1179 2245 1279 2284 amm

1179 2295 1265 2332 thanes.

212 2317 373 2379 omnibus
393 2318 437 2380 ad
461 2318 552 2381 velle
573 2320 734 2398 peractis,
752 2320 797 2381 ad
820 2338 918 2382 suam
943 2319 1090 2381 classem
1112 2339 1290 2381 resana.

212 2432 346 2489 versus,
372 2414 417 2476 ab
443 2416 537 2477 omni
562 2414 757 2495 Anglorum
783 2416 913 2497 populo
940 2436 1013 2490 rex,
1034 2416 1064 2477 si
1086 2391 1319 2496 jure‘m‘dm'*

211 2519 318 2590 queat
338 2530 404 2573 rex
418 2513 548 2588 vocari,
564 2514 625 2593 qui
639 2514 710 2576 fere
724 2521 856 2576 cuncta
870 2513 1050 2594 tyrannice
1064 2512 1168 2575 faeie·

211 2609 285 2682 bat,
303 2615 339 2670 et
358 2608 604 2690 appellabatur
624 2617 661 2673 et
680 2610 882 2673 habebatur.
935 2609 1039 2673 Cives
1062 2611 1167 2672 etiam

213 2703 473 2767 Lundonienses
488 2705 625 2768 obsides
638 2707 689 2768 illi
703 2707 881 2782 miserunt,
898 2712 935 2769 et
951 2724 1072 2786 pacem
1088 2724 1168 2768 cum

211 2820 253 2864 eo
265 2801 437 2874 fecerunt;
457 2804 659 2866 metuebant
670 2804 758 2865 enim
772 2803 923 2865 furorem
934 2802 1027 2864 illius
1042 2803 1078 2863 in
1089 2809 1167 2864 tan·

212 2907 285 2961 tum
302 2917 408 2980 super
420 2919 467 2961 se
487 2900 725 2974 exardescere,
742 2907 783 2962 ut
800 2900 958 2962 omnibus
976 2900 1048 2961 suis
1065 2900 1167 2962 rebus
1223 2915 1238 2963 j
1323 2909 1324 2912 ’

211 2996 351 3087 ablatis,
377 2996 433 3058 vel
460 2998 580 3060 oculos
608 2996 745 3059 illorum
765 2998 852 3070 erui,
879 2996 935 3059 vel
962 3014 1085 3057 manus
1110 2996 1167 3058 vel

211 3092 317 3173 pedes
343 3092 551 3169 detruncari,
573 3093 723 3175 juberet.
780 3093 888 3168 Quod
915 3111 999 3154 >cum
1023 3092 1167 3154 vidisset
1179 3119 1259 3158 amma
1268 3119 1311 3156 ana

211 3208 273 3251 rex
296 3190 516 3269 AEgelredus,
538 3191 694 3270 reginam
718 3190 877 3252 Emmam
898 3189 1165 3252 Nortmanniam
1178 3170 1277 3255 2¹:⁸53?
1346 3176 1348 3181 ¹

211 3287 255 3349 ad
272 3305 373 3349 suum
391 3287 545 3361 fratrem,
558 3287 754 3350 Secundum
771 3287 962 3349 Ricardum
978 3286 1013 3348 N
1016 3295 1166 3350 ortman·
1180 3264 1312 3312 “mm''

211 3403 335 3446 norum
365 3386 538 3460 comitem,
565 3392 601 3446 et
629 3384 718 3446 filios
749 3403 843 3457 suos,
874 3383 1106 3445 Eadwardum
1132 3391 1167 3445 et

213 3481 418 3556 AElfredum,
437 3501 515 3544 cum
537 3483 705 3561 magistro
725 3481 862 3544 illorum
881 3480 1052 3542 AElfhuno
1071 3480 1167 3541 Lun-

212 3577 368 3640 doniensi
394 3581 569 3660 episcopo,
595 3587 631 3642 et
658 3577 795 3642 Alsium
821 3577 1167 3640 Medesbamstuden-

212 3694 285 3736 sem
315 3675 475 3737 abbatem
514 3677 653 3739 naviter
689 3677 792 3736 misit.
861 3673 944 3753 Ipse
977 3692 1058 3735 vero
1088 3691 1167 3734 cum

213 3771 349 3834 Danica
372 3771 496 3846 classe,
517 3791 596 3852 quae
621 3774 657 3833 in
676 3769 838 3832 Tamensi
858 3769 1012 3849 jacebat,
1035 3769 1070 3829 in
1089 3770 1166 3831 loce

213 3871 271 3948 qui
298 3867 482 3931 Grenewic
512 3869 721 3940 nominatur,
749 3867 998 3946 aliquantisper
1027 3867 1167 3940 mansit,

214 3975 247 4029 et
273 3975 354 4046 post
376 3966 418 4027 ad
443 3965 592 4028 Vectam
618 3964 774 4027 Insulam
795 3964 970 4037 devectus,
995 3961 1166 4025 Nativita-
1181 3959 1304 4048 ffiffl,
