3098 4770
342 332 406 394 144
712 342 921 389 CHRONlGON

341 518 462 573 naves,
489 499 695 578 exquibus,
723 495 884 558 Paschali
913 512 1051 558 emensa
1079 494 1295 568 solennitate,
1352 569 1355 573 ¹

341 597 434 660 omni
454 615 545 658 anno
562 613 656 658 nco.
674 596 708 657 in
726 594 897 667 orientali,
917 609 1013 657 nec.
1029 593 1064 655 in
1079 591 1295 665 occidentali,

342 709 435 757 mcc.
463 694 499 755 in
525 692 788 774 septentrionali
812 691 935 755 insulae
959 693 1065 773 plaga
1090 690 1296 762 coadunare,

341 798 377 853 et
400 791 443 852 ad
470 792 716 855 occidentalem
741 810 816 854 cum
846 791 1004 852 orientali
1028 789 1151 863 classe,
1167 795 1212 862 et,
1235 786 1296 849 illa

340 890 497 966 remissa,
528 891 573 954 ad
603 890 775 954 borealem
802 909 881 952 cum
909 887 1126 961 occidentali,
1150 887 1295 966 ipsaque

342 989 499 1063 remissa,
513 1008 592 1052 cum
608 989 736 1051 boreali
752 987 796 1050 ad
818 985 1019 1051 orientalem
1036 984 1180 1046 classem
1195 984 1295 1046 remi-

341 1105 439 1166 gare,
471 1105 580 1166 eoque
609 1085 711 1147 modo
738 1092 848 1148 totam
881 1083 1030 1146 insulam
1058 1082 1151 1144 omui
1174 1088 1295 1144 aestate
1361 1118 1369 1127 ·

342 1190 572 1246 consueverat
600 1181 906 1260 circumnavigare,
930 1181 1077 1243 viriliter
1101 1179 1166 1242 hoc
1190 1198 1295 1260 agens

342 1279 387 1341 ad
403 1279 637 1342 defensionem
655 1288 775 1341 contra
790 1287 931 1342 exteros
947 1279 1044 1357 regni
1062 1278 1127 1352 sui,
1144 1284 1178 1339 et
1195 1296 1294 1340 suum

177 1406 330 1446 ainamma,
342 1395 554 1458 suorumque
574 1376 617 1439 ad
635 1377 776 1440 bellicos
792 1395 877 1438 usus
902 1377 1117 1439 exercitium.
1173 1373 1295 1438 Hieme

174 1456 289 1552 Jiillss¹ss⁰f
342 1483 459 1538 autem
489 1483 524 1538 et
554 1494 646 1549 vere,
670 1474 758 1537 infra
782 1493 926 1554 regnum
958 1492 1208 1554 usquequaque
1235 1493 1296 1554 per

342 1593 460 1637 omnes
475 1574 673 1656 provincias
690 1571 881 1654 Anglorum
900 1573 1057 1648 transire,
1075 1579 1109 1634 et
1124 1571 1294 1653 quomodo

341 1672 458 1753 legum
470 1673 566 1755 jura,
580 1681 615 1735 et
630 1691 770 1734 suorum
787 1679 921 1734 statuta
936 1671 1151 1733 decretorum
1166 1690 1187 1733 a
1202 1672 1294 1752 prin-

341 1771 475 1849 cipibus
498 1773 776 1844 observarentur,
800 1789 889 1833 neve
915 1788 1085 1851 pauperes
1106 1788 1127 1831 a
1147 1770 1295 1849 potenti-

340 1866 406 1928 bus
428 1867 668 1947 praejudicium
690 1868 785 1946 passi
808 1868 1095 1946 opprimerentur,
1113 1866 1295 1946 diligenter

340 1964 477 2027 solebat
490 1964 713 2043 investigare.
766 1962 809 2025 In
826 1982 894 2026 uno
910 1961 1113 2037 fortitudini,
1131 1963 1166 2025 in
1185 1964 1294 2026 altero

335 2061 486 2144 justitia·
504 2061 660 2138 studens,
681 2061 717 2123 in
742 2068 892 2141 utroque
914 2059 1111 2141 reipublicae
1137 2066 1172 2121 et
1197 2063 1294 2140 regni

340 2160 552 2223 utilitatibus
584 2158 779 2222 consulens.
834 2159 928 2239 Hinc
961 2158 1117 2221 hostibus
1149 2157 1295 2221 circum-

340 2274 478 2337 quaque
502 2257 618 2331 timor,
641 2265 676 2319 et
700 2257 853 2318 omnium
878 2255 944 2318 sibi
968 2257 1183 2319 subditorum
1211 2276 1293 2338 erga

340 2372 420 2416 eum
436 2362 639 2417 excreverat
654 2372 768 2416 amor:
793 2352 895 2434 cujus
911 2353 1054 2415 decessu
1075 2354 1182 2416 totius
1197 2357 1294 2434 regni

341 2457 454 2514 status
483 2459 538 2515 est
566 2453 796 2533 perturbatus,
826 2459 861 2513 et
887 2458 967 2532 post
990 2458 1127 2532 tempus
1151 2451 1293 2528 laetitiae,

341 2550 434 2630 quod
451 2550 546 2612 illius
570 2556 723 2630 tempore
744 2550 863 2612 stabat
886 2548 1042 2630 pacifice,
1060 2548 1166 2629 coepit
1186 2550 1294 2612 tribu·

341 2647 426 2715 latio
440 2649 593 2731 undique
608 2649 790 2721 advenire;
814 2667 895 2710 nam
911 2647 1069 2729 princeps
1084 2646 1293 2712 Marciorum

341 2746 475 2810 AElfere
502 2746 795 2828 quampluresque
825 2747 926 2828 regni
951 2745 1128 2827 primates,
1159 2746 1293 2826 magnis

340 2846 512 2908 obcoecati
537 2846 746 2919 muneribus,
774 2845 919 2908 abbates
948 2862 1025 2906 cum
1050 2843 1227 2906 monachis
1252 2844 1295 2908 de

341 2942 575 3018 monasteriis,
601 2944 636 3004 in
667 2943 792 3024 quibus
821 2962 884 3005 rex
916 2941 1081 3023 pacificus
1111 2941 1295 3021 Eadgarus

340 3057 401 3101 eos
417 3039 606 3114 locaverat,
628 3039 847 3121 expulerunt,
864 3047 899 3102 et
922 3039 1064 3102 clericos
1083 3058 1161 3101 cum
1178 3040 1293 3102 uxori-

178 3155 329 3204 nertoppaea
341 3136 406 3198 bus
427 3137 500 3200 suis
524 3138 802 3200 introduxerunt.
856 3137 924 3201 Sed
951 3137 1030 3200 huic
1056 3138 1205 3200 vesaniae
1228 3139 1294 3200 viri

177 3205 303 3299 'ivlss‘ffiir
340 3234 506 3309 timorati,
516 3236 587 3297 dux
601 3234 833 3298 Orientalium
845 3234 1038 3315 Anglorum
1052 3234 1294 3312 AEthelvvinus,

177 3303 289 3348 vvold,and
401 3334 408 3347 .
500 3332 507 3345 .

176 3351 305 3400 syranae.
342 3331 410 3393 De1
440 3351 584 3407 amlcuS,
619 3342 654 3395 et
684 3352 767 3394 suus
801 3352 987 3413 germanus
1008 3332 1226 3406 AElfwolduS,
1259 3341 1294 3396 et

341 3428 582 3509 Byrbtnotbus
612 3447 737 3504 comes,
766 3431 819 3492 vir
844 3430 1041 3510 religiosus,
1072 3431 1291 3503 restiterunt;

341 3533 388 3600 et,
402 3527 437 3587 in
452 3526 586 3606 syuodo
598 3527 788 3602 constituti,
804 3547 841 3589 se
852 3547 1072 3609 nequaquam
1088 3527 1177 3591 ferre
1192 3547 1293 3609 posse
1353 3587 1358 3595 .

340 3623 516 3699 dixerunt,
541 3630 580 3686 ut
603 3624 762 3687 monachi
787 3625 993 3707 ejicerentur
1020 3625 1062 3688 de
1089 3645 1209 3706 regno,
1234 3627 1294 3707 qui

339 3739 475 3783 omnem
486 3723 687 3802 religionem
699 3730 885 3786 tenuerunt
896 3724 930 3784 in
945 3742 1066 3802 regno:
1083 3732 1293 3804 congregato

339 3817 416 3880 dein
432 3821 598 3895 exercite,
619 3821 830 3883 monasteria
852 3820 1080 3884 Orientalium
1099 3821 1292 3902 Anglorum

172 3917 492 4033 5³,3,',;²,{?„,ma¹ima
530 3919 734 3981 strenuitate
772 3917 1023 3982 defenderunt.¹
1086 3917 1179 3980 Dum
1218 3919 1291 3981 haec

445 4053 450 4080 ¹
467 4057 529 4105 Sex.
543 4056 637 4107 chron.
650 4059 722 4107 Hist.
734 4061 838 4109 Rames.
850 4074 908 4119 cap.
920 4071 1033 4107 xxxvur.
1069 4058 1192 4119 Ingulph.
