<?xml version="1.0" encoding="UTF-8"?>
<!DOCTYPE html PUBLIC "-//W3C//DTD XHTML 1.0 Transitional//EN"
    "http://www.w3.org/TR/xhtml1/DTD/xhtml1-transitional.dtd">
<html xmlns="http://www.w3.org/1999/xhtml" xml:lang="en" lang="en">
 <head>
  <title>
</title>
<meta http-equiv="Content-Type" content="text/html;charset=utf-8" />
  <meta name='ocr-system' content='tesseract 3.04.00' />
  <meta name='ocr-capabilities' content='ocr_page ocr_carea ocr_par ocr_line ocrx_word'/>
</head>
<body>
  <div class='ocr_page' id='page_1' title='image "./florentiiwigorn00florgoog_0109.png"; bbox 0 0 3098 4770; ppageno 0'>
   <div class='ocr_carea' id='block_1_1' title="bbox 356 340 938 401">
    <p class='ocr_par' dir='ltr' id='par_1_1' title="bbox 356 340 938 401">
     <span class='ocr_line' id='line_1_1' title="bbox 356 340 938 401; baseline 0 -1"><span class='ocrx_word' id='word_1_1' title='bbox 356 340 420 401; x_wconf 84' lang='lat'><strong>100</strong></span> <span class='ocrx_word' id='word_1_2' title='bbox 730 352 938 400; x_wconf 77' lang='lat' dir='ltr'><strong>cunonrcon</strong></span> 
     </span>
    </p>
   </div>
   <div class='ocr_carea' id='block_1_2' title="bbox 180 507 1306 2256">
    <p class='ocr_par' dir='ltr' id='par_1_2' title="bbox 180 507 1306 2256">
     <span class='ocr_line' id='line_1_2' title="bbox 354 507 1306 587; baseline 0 -16"><span class='ocrx_word' id='word_1_3' title='bbox 354 509 470 571; x_wconf 89' lang='lat' dir='ltr'><strong>subito</strong></span> <span class='ocrx_word' id='word_1_4' title='bbox 491 528 584 587; x_wconf 84' lang='lat' dir='ltr'><strong>rege,</strong></span> <span class='ocrx_word' id='word_1_5' title='bbox 601 509 645 570; x_wconf 90' lang='lat' dir='ltr'><strong>ad</strong></span> <span class='ocrx_word' id='word_1_6' title='bbox 668 526 773 569; x_wconf 90' lang='lat' dir='ltr'><strong>naves</strong></span> <span class='ocrx_word' id='word_1_7' title='bbox 788 525 868 569; x_wconf 87' lang='lat' dir='ltr'><strong>suas</strong></span> <span class='ocrx_word' id='word_1_8' title='bbox 885 507 1065 568; x_wconf 78' lang='lat' dir='ltr'><strong>confestim</strong></span> <span class='ocrx_word' id='word_1_9' title='bbox 1081 507 1306 587; x_wconf 81' lang='lat' dir='ltr'><strong>confugiunt:</strong></span> 
     </span>
     <span class='ocr_line' id='line_1_3' title="bbox 355 605 1305 686; baseline 0.003 -20"><span class='ocrx_word' id='word_1_10' title='bbox 355 605 515 667; x_wconf 80' lang='lat' dir='ltr'>Saxones</span> <span class='ocrx_word' id='word_1_11' title='bbox 546 625 627 668; x_wconf 83' lang='lat' dir='ltr'><strong>vero</strong></span> <span class='ocrx_word' id='word_1_12' title='bbox 653 605 832 668; x_wconf 90' lang='lat' dir='ltr'><strong>derelictos</strong></span> <span class='ocrx_word' id='word_1_13' title='bbox 858 624 879 667; x_wconf 90' lang='lat' dir='ltr'><strong>a</strong></span> <span class='ocrx_word' id='word_1_14' title='bbox 908 605 1061 684; x_wconf 87' lang='lat' dir='ltr'><strong>Paganis</strong></span> <span class='ocrx_word' id='word_1_15' title='bbox 1094 606 1249 686; x_wconf 88' lang='lat' dir='ltr'><strong>captivos</strong></span> <span class='ocrx_word' id='word_1_16' title='bbox 1271 616 1305 669; x_wconf 93' lang='lat' dir='ltr'><strong>et</strong></span> 
     </span>
     <span class='ocr_line' id='line_1_4' title="bbox 187 703 1306 786; baseline 0.007 -27"><span class='ocrx_word' id='word_1_17' title='bbox 187 721 323 768; x_wconf 64' lang='lat' dir='ltr'><strong>tna-raum</strong></span> <span class='ocrx_word' id='word_1_18' title='bbox 355 721 463 782; x_wconf 91' lang='lat' dir='ltr'><strong>equos</strong></span> <span class='ocrx_word' id='word_1_19' title='bbox 478 704 613 766; x_wconf 90' lang='lat' dir='ltr'><strong>-statim</strong></span> <span class='ocrx_word' id='word_1_20' title='bbox 641 703 814 786; x_wconf 87' lang='lat' dir='ltr'><strong>diripiunt.</strong></span> <span class='ocrx_word' id='word_1_21' title='bbox 867 703 1002 784; x_wconf 85' lang='lat' dir='ltr'><strong>Pagani</strong></span> <span class='ocrx_word' id='word_1_22' title='bbox 1027 704 1156 784; x_wconf 92' lang='lat' dir='ltr'><strong>itaque,</strong></span> <span class='ocrx_word' id='word_1_23' title='bbox 1182 723 1306 784; x_wconf 86' lang='lat' dir='ltr'><strong>magna</strong></span> 
     </span>
     <span class='ocr_line' id='line_1_5' title="bbox 188 771 1305 885; baseline 0.005 -25"><span class='ocrx_word' id='word_1_24' title='bbox 188 771 308 809; x_wconf 52' lang='lat' dir='ltr'><strong>mm*</strong></span> <span class='ocrx_word' id='word_1_25' title='bbox 355 802 563 865; x_wconf 77' lang='lat' dir='ltr'><strong>necessitate</strong></span> <span class='ocrx_word' id='word_1_26' title='bbox 583 804 762 885; x_wconf 89' lang='lat' dir='ltr'><strong>compulsi,</strong></span> <span class='ocrx_word' id='word_1_27' title='bbox 786 802 905 865; x_wconf 90' lang='lat' dir='ltr'><strong>eadem</strong></span> <span class='ocrx_word' id='word_1_28' title='bbox 923 810 1046 864; x_wconf 89' lang='lat' dir='ltr'><strong>aestate</strong></span> <span class='ocrx_word' id='word_1_29' title='bbox 1062 821 1178 864; x_wconf 89' lang='lat' dir='ltr'><strong>rursus</strong></span> <span class='ocrx_word' id='word_1_30' title='bbox 1198 803 1305 866; x_wconf 88' lang='lat' dir='ltr'><strong>Fran·</strong></span> 
     </span>
     <span class='ocr_line' id='line_1_6' title="bbox 186 898 1305 980; baseline 0.009 -25"><span class='ocrx_word' id='word_1_31' title='bbox 186 917 285 956; x_wconf 65' lang='lat' dir='ltr'><strong>mnan·</strong></span> <span class='ocrx_word' id='word_1_32' title='bbox 354 898 446 961; x_wconf 89' lang='lat' dir='ltr'><strong>ciam</strong></span> <span class='ocrx_word' id='word_1_33' title='bbox 484 902 654 965; x_wconf 88' lang='lat' dir='ltr'><strong>adierunt.</strong></span> <span class='ocrx_word' id='word_1_34' title='bbox 716 901 845 964; x_wconf 87' lang='lat' dir='ltr'><strong>Eodem</strong></span> <span class='ocrx_word' id='word_1_35' title='bbox 884 919 974 962; x_wconf 90' lang='lat' dir='ltr'><strong>anno</strong></span> <span class='ocrx_word' id='word_1_36' title='bbox 1010 900 1142 962; x_wconf 87' lang='lat' dir='ltr'><strong>AElsred</strong></span> <span class='ocrx_word' id='word_1_37' title='bbox 1174 900 1305 980; x_wconf 85' lang='lat' dir='ltr'><strong>Anglo·</strong></span> 
     </span>
     <span class='ocr_line' id='line_1_7' title="bbox 186 966 1304 1079; baseline 0.006 -26"><span class='ocrx_word' id='word_1_38' title='bbox 186 966 339 1056; x_wconf 59' lang='lat' dir='ltr'><strong>iiliff‘liilii</strong></span> <span class='ocrx_word' id='word_1_39' title='bbox 352 997 533 1062; x_wconf 79' lang='lat' dir='ltr'><strong>Saxonum</strong></span> <span class='ocrx_word' id='word_1_40' title='bbox 558 1021 622 1063; x_wconf 82' lang='lat' dir='ltr'><strong>rex</strong></span> <span class='ocrx_word' id='word_1_41' title='bbox 649 999 792 1062; x_wconf 81' lang='lat' dir='ltr'><strong>classem</strong></span> <span class='ocrx_word' id='word_1_42' title='bbox 821 1017 918 1060; x_wconf 90' lang='lat' dir='ltr'><strong>suam</strong></span> <span class='ocrx_word' id='word_1_43' title='bbox 946 998 988 1060; x_wconf 92' lang='lat' dir='ltr'><strong>de</strong></span> <span class='ocrx_word' id='word_1_44' title='bbox 1018 996 1144 1060; x_wconf 87' lang='lat' dir='ltr'><strong>Cantia</strong></span> <span class='ocrx_word' id='word_1_45' title='bbox 1169 998 1304 1079; x_wconf 85' lang='lat' dir='ltr'><strong>plenam</strong></span> 
     </span>
     <span class='ocr_line' id='line_1_8' title="bbox 186 1065 1303 1177; baseline 0.002 -20"><span class='ocrx_word' id='word_1_46' title='bbox 186 1065 331 1106; x_wconf 67' lang='lat'><strong>⁰“¹¹‘⁸‘⁰⁰&#39;&#39;</strong></span> <span class='ocrx_word' id='word_1_47' title='bbox 352 1096 578 1161; x_wconf 86' lang='lat' dir='ltr'><strong>bellatoribus</strong></span> <span class='ocrx_word' id='word_1_48' title='bbox 603 1100 638 1161; x_wconf 91' lang='lat' dir='ltr'><strong>in</strong></span> <span class='ocrx_word' id='word_1_49' title='bbox 663 1097 856 1161; x_wconf 91' lang='lat' dir='ltr'><strong>Orientales</strong></span> <span class='ocrx_word' id='word_1_50' title='bbox 881 1095 1017 1177; x_wconf 88' lang='lat' dir='ltr'><strong>Anglos</strong></span> <span class='ocrx_word' id='word_1_51' title='bbox 1039 1096 1200 1177; x_wconf 89' lang='lat' dir='ltr'><strong>dirigens,</strong></span> <span class='ocrx_word' id='word_1_52' title='bbox 1215 1116 1303 1177; x_wconf 89' lang='lat' dir='ltr'><strong>prae·</strong></span> 
     </span>
     <span class='ocr_line' id='line_1_9' title="bbox 350 1193 1303 1275; baseline 0.004 -20"><span class='ocrx_word' id='word_1_53' title='bbox 350 1193 457 1256; x_wconf 89' lang='lat' dir='ltr'><strong>dandi</strong></span> <span class='ocrx_word' id='word_1_54' title='bbox 474 1214 591 1271; x_wconf 87' lang='lat' dir='ltr'><strong>causa,</strong></span> <span class='ocrx_word' id='word_1_55' title='bbox 601 1195 810 1271; x_wconf 90' lang='lat' dir='ltr'><strong>transmisit;</strong></span> <span class='ocrx_word' id='word_1_56' title='bbox 835 1213 980 1275; x_wconf 91' lang='lat' dir='ltr'><strong>cumque</strong></span> <span class='ocrx_word' id='word_1_57' title='bbox 995 1195 1039 1257; x_wconf 90' lang='lat' dir='ltr'><strong>ad</strong></span> <span class='ocrx_word' id='word_1_58' title='bbox 1055 1195 1180 1257; x_wconf 90' lang='lat' dir='ltr'><strong>ostium</strong></span> <span class='ocrx_word' id='word_1_59' title='bbox 1191 1194 1303 1259; x_wconf 89' lang='lat' dir='ltr'><strong>Sturae</strong></span> 
     </span>
     <span class='ocr_line' id='line_1_10' title="bbox 350 1290 1303 1373; baseline 0.004 -21"><span class='ocrx_word' id='word_1_60' title='bbox 350 1291 502 1354; x_wconf 88' lang='lat' dir='ltr'><strong>fluminis</strong></span> <span class='ocrx_word' id='word_1_61' title='bbox 521 1294 706 1368; x_wconf 84' lang='lat' dir='ltr'><strong>venissent,</strong></span> <span class='ocrx_word' id='word_1_62' title='bbox 731 1292 909 1354; x_wconf 82' lang='lat' dir='ltr'><strong>confestim</strong></span> <span class='ocrx_word' id='word_1_63' title='bbox 938 1290 1029 1355; x_wconf 82' lang='lat' dir='ltr'><strong>xvi.¹</strong></span> <span class='ocrx_word' id='word_1_64' title='bbox 1057 1312 1164 1355; x_wconf 88' lang='lat' dir='ltr'><strong>naves</strong></span> <span class='ocrx_word' id='word_1_65' title='bbox 1188 1292 1303 1373; x_wconf 85' lang='lat' dir='ltr'><strong>Paga-</strong></span> 
     </span>
     <span class='ocr_line' id='line_1_11' title="bbox 349 1390 1303 1472; baseline 0.004 -22"><span class='ocrx_word' id='word_1_66' title='bbox 349 1408 474 1451; x_wconf 89' lang='lat' dir='ltr'><strong>norum</strong></span> <span class='ocrx_word' id='word_1_67' title='bbox 486 1391 530 1453; x_wconf 91' lang='lat' dir='ltr'><strong>ad</strong></span> <span class='ocrx_word' id='word_1_68' title='bbox 544 1391 674 1453; x_wconf 92' lang='lat' dir='ltr'><strong>bellum</strong></span> <span class='ocrx_word' id='word_1_69' title='bbox 690 1397 820 1472; x_wconf 81' lang='lat' dir='ltr'><strong>paratae</strong></span> <span class='ocrx_word' id='word_1_70' title='bbox 832 1390 1060 1453; x_wconf 89' lang='lat' dir='ltr'><strong>obviaverunt</strong></span> <span class='ocrx_word' id='word_1_71' title='bbox 1075 1391 1135 1466; x_wconf 66' lang='lat' dir='ltr'><strong>eis</strong></span> <span class='ocrx_word' id='word_1_72' title='bbox 1151 1392 1303 1472; x_wconf 83' lang='lat' dir='ltr'><strong>initoque</strong></span> 
     </span>
     <span class='ocr_line' id='line_1_12' title="bbox 350 1488 1302 1571; baseline 0.003 -22"><span class='ocrx_word' id='word_1_73' title='bbox 350 1488 469 1550; x_wconf 89' lang='lat' dir='ltr'><strong>navali</strong></span> <span class='ocrx_word' id='word_1_74' title='bbox 498 1489 634 1571; x_wconf 91' lang='lat' dir='ltr'><strong>proelio,</strong></span> <span class='ocrx_word' id='word_1_75' title='bbox 665 1488 742 1551; x_wconf 89' lang='lat' dir='ltr'><strong>hinc</strong></span> <span class='ocrx_word' id='word_1_76' title='bbox 772 1496 806 1551; x_wconf 91' lang='lat' dir='ltr'><strong>et</strong></span> <span class='ocrx_word' id='word_1_77' title='bbox 835 1488 913 1550; x_wconf 92' lang='lat' dir='ltr'><strong>inde</strong></span> <span class='ocrx_word' id='word_1_78' title='bbox 943 1489 1068 1551; x_wconf 89' lang='lat' dir='ltr'><strong>acriter</strong></span> <span class='ocrx_word' id='word_1_79' title='bbox 1098 1499 1302 1570; x_wconf 84' lang='lat' dir='ltr'><strong>pugnantes,</strong></span> 
     </span>
     <span class='ocr_line' id='line_1_13' title="bbox 351 1585 1303 1667; baseline 0.002 -19"><span class='ocrx_word' id='word_1_80' title='bbox 351 1585 488 1667; x_wconf 83' lang='lat' dir='ltr'><strong>Pagani</strong></span> <span class='ocrx_word' id='word_1_81' title='bbox 504 1606 623 1650; x_wconf 89' lang='lat' dir='ltr'><strong>omnes</strong></span> <span class='ocrx_word' id='word_1_82' title='bbox 649 1588 764 1662; x_wconf 91' lang='lat' dir='ltr'><strong>occisi,</strong></span> <span class='ocrx_word' id='word_1_83' title='bbox 782 1594 816 1649; x_wconf 90' lang='lat' dir='ltr'><strong>et</strong></span> <span class='ocrx_word' id='word_1_84' title='bbox 834 1605 951 1650; x_wconf 89' lang='lat' dir='ltr'><strong>onmes</strong></span> <span class='ocrx_word' id='word_1_85' title='bbox 978 1606 1083 1650; x_wconf 89' lang='lat' dir='ltr'><strong>naves</strong></span> <span class='ocrx_word' id='word_1_86' title='bbox 1111 1606 1188 1649; x_wconf 92' lang='lat' dir='ltr'><strong>cum</strong></span> <span class='ocrx_word' id='word_1_87' title='bbox 1211 1590 1303 1652; x_wconf 90' lang='lat' dir='ltr'><strong>omni</strong></span> 
     </span>
     <span class='ocr_line' id='line_1_14' title="bbox 349 1686 1301 1768; baseline 0.003 -21"><span class='ocrx_word' id='word_1_88' title='bbox 349 1686 496 1765; x_wconf 90' lang='lat' dir='ltr'><strong>pecunia</strong></span> <span class='ocrx_word' id='word_1_89' title='bbox 512 1707 630 1750; x_wconf 91' lang='lat' dir='ltr'><strong>eorum</strong></span> <span class='ocrx_word' id='word_1_90' title='bbox 653 1694 763 1768; x_wconf 89' lang='lat' dir='ltr'><strong>captae</strong></span> <span class='ocrx_word' id='word_1_91' title='bbox 789 1694 891 1762; x_wconf 89' lang='lat' dir='ltr'><strong>sunt;</strong></span> <span class='ocrx_word' id='word_1_92' title='bbox 916 1706 1063 1766; x_wconf 92' lang='lat' dir='ltr'><strong>cumque</strong></span> <span class='ocrx_word' id='word_1_93' title='bbox 1081 1686 1159 1749; x_wconf 90' lang='lat' dir='ltr'><strong>inde</strong></span> <span class='ocrx_word' id='word_1_94' title='bbox 1175 1687 1301 1750; x_wconf 85' lang='lat' dir='ltr'><strong>victrix</strong></span> 
     </span>
     <span class='ocr_line' id='line_1_15' title="bbox 348 1783 1302 1866; baseline 0.006 -24"><span class='ocrx_word' id='word_1_95' title='bbox 348 1785 445 1862; x_wconf 83' lang='lat' dir='ltr'><strong>regia</strong></span> <span class='ocrx_word' id='word_1_96' title='bbox 461 1785 583 1848; x_wconf 91' lang='lat' dir='ltr'><strong>classis</strong></span> <span class='ocrx_word' id='word_1_97' title='bbox 605 1783 756 1858; x_wconf 77' lang='lat' dir='ltr'><strong>rediret,²</strong></span> <span class='ocrx_word' id='word_1_98' title='bbox 772 1784 907 1864; x_wconf 87' lang='lat' dir='ltr'><strong>Pagnni</strong></span> <span class='ocrx_word' id='word_1_99' title='bbox 930 1786 990 1866; x_wconf 92' lang='lat' dir='ltr'><strong>qui</strong></span> <span class='ocrx_word' id='word_1_100' title='bbox 1013 1785 1212 1847; x_wconf 85' lang='lat' dir='ltr'><strong>orientalem</strong></span> <span class='ocrx_word' id='word_1_101' title='bbox 1229 1785 1302 1848; x_wconf 89' lang='lat' dir='ltr'><strong>An-</strong></span> 
     </span>
     <span class='ocr_line' id='line_1_16' title="bbox 348 1879 1301 1963; baseline 0.006 -23"><span class='ocrx_word' id='word_1_102' title='bbox 348 1879 485 1959; x_wconf 88' lang='lat' dir='ltr'><strong>glorum</strong></span> <span class='ocrx_word' id='word_1_103' title='bbox 515 1882 691 1961; x_wconf 79' lang='lat' dir='ltr'><strong>regionem</strong></span> <span class='ocrx_word' id='word_1_104' title='bbox 716 1881 965 1958; x_wconf 85' lang='lat' dir='ltr'><strong>inhabitabant,</strong></span> <span class='ocrx_word' id='word_1_105' title='bbox 994 1885 1211 1963; x_wconf 88' lang='lat' dir='ltr'><strong>congregatis</strong></span> <span class='ocrx_word' id='word_1_106' title='bbox 1236 1903 1301 1946; x_wconf 92' lang='lat' dir='ltr'><strong>un-</strong></span> 
     </span>
     <span class='ocr_line' id='line_1_17' title="bbox 347 1977 1300 2060; baseline 0.004 -20"><span class='ocrx_word' id='word_1_107' title='bbox 347 1977 529 2060; x_wconf 90' lang='lat' dir='ltr'><strong>decunque</strong></span> <span class='ocrx_word' id='word_1_108' title='bbox 561 1980 720 2055; x_wconf 86' lang='lat' dir='ltr'><strong>navibus,</strong></span> <span class='ocrx_word' id='word_1_109' title='bbox 750 1979 859 2042; x_wconf 89' lang='lat' dir='ltr'><strong>eidem</strong></span> <span class='ocrx_word' id='word_1_110' title='bbox 894 1979 999 2059; x_wconf 82' lang='lat' dir='ltr'><strong>regiae</strong></span> <span class='ocrx_word' id='word_1_111' title='bbox 1025 1981 1128 2042; x_wconf 85' lang='lat' dir='ltr'><strong>classi</strong></span> <span class='ocrx_word' id='word_1_112' title='bbox 1151 1982 1186 2043; x_wconf 91' lang='lat' dir='ltr'><strong>iu</strong></span> <span class='ocrx_word' id='word_1_113' title='bbox 1212 1982 1300 2044; x_wconf 90' lang='lat' dir='ltr'><strong>ostio</strong></span> 
     </span>
     <span class='ocr_line' id='line_1_18' title="bbox 347 2075 1301 2157; baseline 0.004 -20"><span class='ocrx_word' id='word_1_114' title='bbox 347 2075 501 2140; x_wconf 85' lang='lat' dir='ltr'><strong>fluminis</strong></span> <span class='ocrx_word' id='word_1_115' title='bbox 518 2077 556 2140; x_wconf 91' lang='lat' dir='ltr'><strong>in</strong></span> <span class='ocrx_word' id='word_1_116' title='bbox 572 2078 659 2140; x_wconf 90' lang='lat' dir='ltr'><strong>mari</strong></span> <span class='ocrx_word' id='word_1_117' title='bbox 677 2077 913 2153; x_wconf 85' lang='lat' dir='ltr'><strong>obviaverunt,</strong></span> <span class='ocrx_word' id='word_1_118' title='bbox 937 2087 1163 2157; x_wconf 90' lang='lat' dir='ltr'><strong>consertoque</strong></span> <span class='ocrx_word' id='word_1_119' title='bbox 1186 2079 1301 2141; x_wconf 88' lang='lat' dir='ltr'><strong>navali</strong></span> 
     </span>
     <span class='ocr_line' id='line_1_19' title="bbox 180 2167 1301 2256; baseline 0.005 -23"><span class='ocrx_word' id='word_1_120' title='bbox 180 2193 285 2234; x_wconf 70' lang='lat' dir='ltr'><strong>reatin</strong></span> <span class='ocrx_word' id='word_1_121' title='bbox 345 2167 470 2254; x_wconf 72' lang='lat' dir='ltr'><strong>proelio</strong></span> <span class='ocrx_word' id='word_1_122' title='bbox 488 2175 626 2256; x_wconf 86' lang='lat' dir='ltr'><strong>Pagani</strong></span> <span class='ocrx_word' id='word_1_123' title='bbox 640 2177 819 2240; x_wconf 89' lang='lat' dir='ltr'><strong>victoriam</strong></span> <span class='ocrx_word' id='word_1_124' title='bbox 836 2175 1040 2238; x_wconf 87' lang='lat' dir='ltr'><strong>habuerunt.</strong></span> <span class='ocrx_word' id='word_1_125' title='bbox 1086 2175 1220 2255; x_wconf 87' lang='lat' dir='ltr'><strong>Regem</strong></span> <span class='ocrx_word' id='word_1_126' title='bbox 1236 2176 1301 2239; x_wconf 91' lang='lat' dir='ltr'><strong>Oc-</strong></span> 
     </span>
    </p>
   </div>
   <div class='ocr_carea' id='block_1_3' title="bbox 179 2243 292 2283">
    <p class='ocr_par' dir='ltr' id='par_1_3' title="bbox 179 2243 292 2283">
     <span class='ocr_line' id='line_1_20' title="bbox 179 2243 292 2283; baseline 0.018 -3"><span class='ocrx_word' id='word_1_127' title='bbox 179 2243 292 2283; x_wconf 77' lang='lat' dir='ltr'><strong>carloman</strong></span> 
     </span>
    </p>
   </div>
   <div class='ocr_carea' id='block_1_4' title="bbox 174 2271 1300 3629">
    <p class='ocr_par' dir='ltr' id='par_1_4' title="bbox 174 2271 1300 3629">
     <span class='ocr_line' id='line_1_21' title="bbox 179 2271 1300 2353; baseline 0.005 -23"><span class='ocrx_word' id='word_1_128' title='bbox 179 2292 309 2340; x_wconf 70' lang='lat' dir='ltr'><strong>kingotthe</strong></span> <span class='ocrx_word' id='word_1_129' title='bbox 343 2271 570 2335; x_wconf 86' lang='lat' dir='ltr'><strong>cidentalinm</strong></span> <span class='ocrx_word' id='word_1_130' title='bbox 599 2274 809 2336; x_wconf 89' lang='lat' dir='ltr'><strong>Francorum</strong></span> <span class='ocrx_word' id='word_1_131' title='bbox 828 2271 1116 2349; x_wconf 87' lang='lat' dir='ltr'><strong>Karlomannum,</strong></span> <span class='ocrx_word' id='word_1_132' title='bbox 1139 2292 1300 2353; x_wconf 91' lang='lat' dir='ltr'><strong>aprorum</strong></span> 
     </span>
     <span class='ocr_line' id='line_1_22' title="bbox 179 2340 1297 2451; baseline 0.005 -23"><span class='ocrx_word' id='word_1_133' title='bbox 179 2340 269 2430; x_wconf 65' lang='lat' dir='ltr'><strong>liii..</strong></span> <span class='ocrx_word' id='word_1_134' title='bbox 343 2371 566 2434; x_wconf 89' lang='lat' dir='ltr'><strong>venationem</strong></span> <span class='ocrx_word' id='word_1_135' title='bbox 592 2378 764 2451; x_wconf 88' lang='lat' dir='ltr'><strong>agentem,</strong></span> <span class='ocrx_word' id='word_1_136' title='bbox 779 2370 945 2450; x_wconf 85' lang='lat' dir='ltr'><strong>singulari</strong></span> <span class='ocrx_word' id='word_1_137' title='bbox 961 2372 1204 2450; x_wconf 89' lang='lat' dir='ltr'><strong>congressione</strong></span> <span class='ocrx_word' id='word_1_138' title='bbox 1220 2373 1297 2435; x_wconf 85' lang='lat' dir='ltr'><strong>bor-</strong></span> 
     </span>
     <span class='ocr_line' id='line_1_23' title="bbox 341 2468 1299 2550; baseline 0.005 -22"><span class='ocrx_word' id='word_1_139' title='bbox 341 2468 449 2530; x_wconf 89' lang='lat' dir='ltr'><strong>rendo</strong></span> <span class='ocrx_word' id='word_1_140' title='bbox 465 2470 569 2533; x_wconf 91' lang='lat' dir='ltr'><strong>dente</strong></span> <span class='ocrx_word' id='word_1_141' title='bbox 583 2469 770 2550; x_wconf 75' lang='lat' dir='ltr'><strong>singularIs</strong></span> <span class='ocrx_word' id='word_1_142' title='bbox 788 2469 978 2531; x_wconf 87' lang='lat' dir='ltr'><strong>dilacerans</strong></span> <span class='ocrx_word' id='word_1_143' title='bbox 994 2469 1098 2544; x_wconf 89' lang='lat' dir='ltr'><strong>ferus,</strong></span> <span class='ocrx_word' id='word_1_144' title='bbox 1114 2469 1299 2533; x_wconf 86' lang='lat' dir='ltr'><strong>miserabili</strong></span> 
     </span>
     <span class='ocr_line' id='line_1_24' title="bbox 342 2563 1296 2650; baseline 0.006 -24"><span class='ocrx_word' id='word_1_145' title='bbox 342 2563 462 2629; x_wconf 81' lang='lat' dir='ltr'><strong>funere</strong></span> <span class='ocrx_word' id='word_1_146' title='bbox 490 2566 699 2649; x_wconf 60' lang='lat' dir='ltr'><strong>percussit?</strong></span> <span class='ocrx_word' id='word_1_147' title='bbox 721 2568 820 2650; x_wconf 89' lang='lat' dir='ltr'><strong>cujus</strong></span> <span class='ocrx_word' id='word_1_148' title='bbox 836 2567 943 2630; x_wconf 82' lang='lat' dir='ltr'><strong>frater</strong></span> <span class='ocrx_word' id='word_1_149' title='bbox 964 2566 1172 2629; x_wconf 86' lang='lat' dir='ltr'><strong>Luduwicus</strong></span> <span class='ocrx_word' id='word_1_150' title='bbox 1194 2570 1296 2632; x_wconf 91' lang='lat' dir='ltr'><strong>tertio</strong></span> 
     </span>
     <span class='ocr_line' id='line_1_25' title="bbox 343 2663 1296 2745; baseline 0.003 -20"><span class='ocrx_word' id='word_1_151' title='bbox 343 2681 436 2727; x_wconf 88' lang='lat' dir='ltr'><strong>anno</strong></span> <span class='ocrx_word' id='word_1_152' title='bbox 452 2673 534 2728; x_wconf 88' lang='lat' dir='ltr'><strong>ante</strong></span> <span class='ocrx_word' id='word_1_153' title='bbox 548 2663 757 2729; x_wconf 82' lang='lat' dir='ltr'><strong>⁴.defunctus</strong></span> <span class='ocrx_word' id='word_1_154' title='bbox 783 2673 846 2740; x_wconf 89' lang='lat' dir='ltr'><strong>est,</strong></span> <span class='ocrx_word' id='word_1_155' title='bbox 863 2665 923 2744; x_wconf 92' lang='lat' dir='ltr'><strong>qui</strong></span> <span class='ocrx_word' id='word_1_156' title='bbox 946 2672 981 2728; x_wconf 88' lang='lat' dir='ltr'><strong>et</strong></span> <span class='ocrx_word' id='word_1_157' title='bbox 1003 2665 1078 2745; x_wconf 90' lang='lat' dir='ltr'><strong>ipse</strong></span> <span class='ocrx_word' id='word_1_158' title='bbox 1095 2673 1170 2729; x_wconf 92' lang='lat' dir='ltr'><strong>erat</strong></span> <span class='ocrx_word' id='word_1_159' title='bbox 1187 2665 1296 2728; x_wconf 90' lang='lat' dir='ltr'><strong>Fran-</strong></span> 
     </span>
     <span class='ocr_line' id='line_1_26' title="bbox 342 2761 1296 2844; baseline 0.004 -21"><span class='ocrx_word' id='word_1_160' title='bbox 342 2780 462 2824; x_wconf 92' lang='lat' dir='ltr'><strong>corum</strong></span> <span class='ocrx_word' id='word_1_161' title='bbox 476 2783 539 2825; x_wconf 89' lang='lat' dir='ltr'><strong>rex</strong></span> <span class='ocrx_word' id='word_1_162' title='bbox 553 2788 562 2837; x_wconf 74' lang='grc' dir='ltr'><strong>ς</strong></span> <span class='ocrx_word' id='word_1_163' title='bbox 586 2764 653 2844; x_wconf 88' lang='lat' dir='ltr'><strong>ipsi</strong></span> <span class='ocrx_word' id='word_1_164' title='bbox 669 2764 792 2826; x_wconf 88' lang='lat' dir='ltr'><strong>etenim</strong></span> <span class='ocrx_word' id='word_1_165' title='bbox 811 2764 911 2824; x_wconf 90' lang='lat' dir='ltr'><strong>ambo</strong></span> <span class='ocrx_word' id='word_1_166' title='bbox 926 2761 985 2824; x_wconf 88' lang='lat' dir='ltr'><strong>filii</strong></span> <span class='ocrx_word' id='word_1_167' title='bbox 996 2761 1182 2826; x_wconf 80' lang='lat' dir='ltr'><strong>¹Luduwici</strong></span> <span class='ocrx_word' id='word_1_168' title='bbox 1204 2765 1296 2844; x_wconf 83' lang='lat' dir='ltr'><strong>regis</strong></span> 
     </span>
     <span class='ocr_line' id='line_1_27' title="bbox 345 2859 1296 2944; baseline 0.005 -24"><span class='ocrx_word' id='word_1_169' title='bbox 345 2859 559 2924; x_wconf 88' lang='lat' dir='ltr'><strong>Francorum</strong></span> <span class='ocrx_word' id='word_1_170' title='bbox 581 2869 692 2937; x_wconf 88' lang='lat' dir='ltr'><strong>erant,</strong></span> <span class='ocrx_word' id='word_1_171' title='bbox 708 2862 766 2944; x_wconf 92' lang='lat' dir='ltr'><strong>qui</strong></span> <span class='ocrx_word' id='word_1_172' title='bbox 792 2879 897 2941; x_wconf 89' lang='lat' dir='ltr'><strong>supra</strong></span> <span class='ocrx_word' id='word_1_173' title='bbox 917 2868 1107 2924; x_wconf 88' lang='lat' dir='ltr'><strong>memorato</strong></span> <span class='ocrx_word' id='word_1_174' title='bbox 1123 2880 1212 2925; x_wconf 89' lang='lat' dir='ltr'><strong>anno</strong></span> <span class='ocrx_word' id='word_1_175' title='bbox 1227 2882 1296 2944; x_wconf 93' lang='lat' dir='ltr'><strong>quo</strong></span> 
     </span>
     <span class='ocr_line' id='line_1_28' title="bbox 341 2959 1295 3041; baseline 0.004 -22"><span class='ocrx_word' id='word_1_176' title='bbox 341 2959 480 3040; x_wconf 89' lang='lat' dir='ltr'><strong>eclipsis</strong></span> <span class='ocrx_word' id='word_1_177' title='bbox 504 2960 588 3023; x_wconf 90' lang='lat' dir='ltr'><strong>solis</strong></span> <span class='ocrx_word' id='word_1_178' title='bbox 612 2960 705 3023; x_wconf 85' lang='lat' dir='ltr'><strong>facta</strong></span> <span class='ocrx_word' id='word_1_179' title='bbox 720 2966 774 3022; x_wconf 88' lang='lat' dir='ltr'><strong>est</strong></span> <span class='ocrx_word' id='word_1_180' title='bbox 791 2959 971 3021; x_wconf 86' lang='lat' dir='ltr'><strong>defunctus</strong></span> <span class='ocrx_word' id='word_1_181' title='bbox 995 2966 1058 3022; x_wconf 92' lang='lat' dir='ltr'><strong>est.</strong></span> <span class='ocrx_word' id='word_1_182' title='bbox 1112 2960 1195 3040; x_wconf 89' lang='lat' dir='ltr'><strong>Ipse</strong></span> <span class='ocrx_word' id='word_1_183' title='bbox 1209 2979 1295 3041; x_wconf 92' lang='lat' dir='ltr'><strong>quo·</strong></span> 
     </span>
     <span class='ocr_line' id='line_1_29' title="bbox 341 3055 1293 3139; baseline 0.005 -22"><span class='ocrx_word' id='word_1_184' title='bbox 341 3075 408 3137; x_wconf 93' lang='lat' dir='ltr'><strong>que</strong></span> <span class='ocrx_word' id='word_1_185' title='bbox 445 3057 654 3120; x_wconf 89' lang='lat' dir='ltr'><strong>Luduwicus</strong></span> <span class='ocrx_word' id='word_1_186' title='bbox 684 3057 775 3119; x_wconf 92' lang='lat' dir='ltr'><strong>filius</strong></span> <span class='ocrx_word' id='word_1_187' title='bbox 807 3055 929 3119; x_wconf 90' lang='lat' dir='ltr'><strong>Karoli</strong></span> <span class='ocrx_word' id='word_1_188' title='bbox 958 3057 1169 3121; x_wconf 88' lang='lat' dir='ltr'><strong>Francorum</strong></span> <span class='ocrx_word' id='word_1_189' title='bbox 1202 3060 1293 3139; x_wconf 83' lang='lat' dir='ltr'><strong>regis</strong></span> 
     </span>
     <span class='ocr_line' id='line_1_30' title="bbox 341 3154 1292 3238; baseline 0.003 -22"><span class='ocrx_word' id='word_1_190' title='bbox 341 3162 428 3230; x_wconf 85' lang='lat' dir='ltr'><strong>erat,</strong></span> <span class='ocrx_word' id='word_1_191' title='bbox 455 3154 556 3238; x_wconf 90' lang='lat' dir='ltr'><strong>cujus</strong></span> <span class='ocrx_word' id='word_1_192' title='bbox 583 3155 690 3218; x_wconf 90' lang='lat' dir='ltr'><strong>filiam</strong></span> <span class='ocrx_word' id='word_1_193' title='bbox 714 3154 737 3218; x_wconf 89' lang='lat' dir='ltr'>J</span> <span class='ocrx_word' id='word_1_194' title='bbox 741 3155 901 3219; x_wconf 89' lang='lat' dir='ltr'><strong>uthittam</strong></span> <span class='ocrx_word' id='word_1_195' title='bbox 932 3154 1164 3232; x_wconf 85' lang='lat' dir='ltr'><strong>AEthelwlfus,</strong></span> <span class='ocrx_word' id='word_1_196' title='bbox 1193 3156 1292 3219; x_wconf 90' lang='lat' dir='ltr'><strong>Occi-</strong></span> 
     </span>
     <span class='ocr_line' id='line_1_31' title="bbox 339 3250 1296 3334; baseline 0.005 -21"><span class='ocrx_word' id='word_1_197' title='bbox 339 3250 530 3316; x_wconf 84' lang='lat' dir='ltr'><strong>dentalium</strong></span> <span class='ocrx_word' id='word_1_198' title='bbox 554 3253 735 3316; x_wconf 84' lang='lat' dir='ltr'><strong>Saxonum</strong></span> <span class='ocrx_word' id='word_1_199' title='bbox 749 3273 824 3328; x_wconf 87' lang='lat' dir='ltr'><strong>rex,</strong></span> <span class='ocrx_word' id='word_1_200' title='bbox 840 3253 883 3315; x_wconf 89' lang='lat' dir='ltr'><strong>ad</strong></span> <span class='ocrx_word' id='word_1_201' title='bbox 901 3254 1055 3333; x_wconf 86' lang='lat' dir='ltr'><strong>reginam</strong></span> <span class='ocrx_word' id='word_1_202' title='bbox 1072 3255 1137 3317; x_wconf 90' lang='lat' dir='ltr'><strong>sibi</strong></span> <span class='ocrx_word' id='word_1_203' title='bbox 1151 3260 1296 3334; x_wconf 87' lang='lat' dir='ltr'><strong>paterna</strong></span> 
     </span>
     <span class='ocr_line' id='line_1_32' title="bbox 174 3351 1295 3433; baseline 0.007 -25"><span class='ocrx_word' id='word_1_204' title='bbox 174 3369 302 3430; x_wconf 59' lang='lat' dir='ltr'><strong>rhenaug„</strong></span> <span class='ocrx_word' id='word_1_205' title='bbox 339 3351 520 3414; x_wconf 87' lang='lat' dir='ltr'><strong>voluntate</strong></span> <span class='ocrx_word' id='word_1_206' title='bbox 533 3355 696 3433; x_wconf 89' lang='lat' dir='ltr'><strong>suscepit.</strong></span> <span class='ocrx_word' id='word_1_207' title='bbox 717 3351 886 3414; x_wconf 89' lang='lat' dir='ltr'><strong>Praesenti</strong></span> <span class='ocrx_word' id='word_1_208' title='bbox 897 3370 1035 3431; x_wconf 91' lang='lat' dir='ltr'><strong>quoque</strong></span> <span class='ocrx_word' id='word_1_209' title='bbox 1047 3371 1138 3416; x_wconf 90' lang='lat' dir='ltr'><strong>anno</strong></span> <span class='ocrx_word' id='word_1_210' title='bbox 1149 3371 1295 3432; x_wconf 85' lang='lat' dir='ltr'><strong>magnus</strong></span> 
     </span>
     <span class='ocr_line' id='line_1_33' title="bbox 174 3419 1293 3530; baseline 0.005 -24"><span class='ocrx_word' id='word_1_211' title='bbox 174 3419 317 3518; x_wconf 55' lang='grc' dir='ltr'><strong>ῧῗὲῗὲῗέοἷῧ.</strong></span> <span class='ocrx_word' id='word_1_212' title='bbox 340 3445 564 3526; x_wconf 89' lang='lat' dir='ltr'><strong>Paganorum</strong></span> <span class='ocrx_word' id='word_1_213' title='bbox 581 3451 754 3513; x_wconf 87' lang='lat' dir='ltr'><strong>exercitus</strong></span> <span class='ocrx_word' id='word_1_214' title='bbox 781 3449 823 3511; x_wconf 90' lang='lat' dir='ltr'><strong>de</strong></span> <span class='ocrx_word' id='word_1_215' title='bbox 850 3449 1037 3512; x_wconf 84' lang='lat' dir='ltr'><strong>Germania</strong></span> <span class='ocrx_word' id='word_1_216' title='bbox 1061 3451 1097 3512; x_wconf 92' lang='lat' dir='ltr'><strong>in</strong></span> <span class='ocrx_word' id='word_1_217' title='bbox 1120 3450 1293 3530; x_wconf 90' lang='lat' dir='ltr'><strong>regionem</strong></span> 
     </span>
     <span class='ocr_line' id='line_1_34' title="bbox 338 3543 1294 3629; baseline 0.003 -22"><span class='ocrx_word' id='word_1_218' title='bbox 338 3543 573 3627; x_wconf 86' lang='lat' dir='ltr'><strong>Antiquorum</strong></span> <span class='ocrx_word' id='word_1_219' title='bbox 598 3545 794 3610; x_wconf 88' lang='lat' dir='ltr'><strong>Saxonum⁵</strong></span> <span class='ocrx_word' id='word_1_220' title='bbox 820 3548 1036 3628; x_wconf 82' lang='lat' dir='ltr'><strong>supervenit3</strong></span> <span class='ocrx_word' id='word_1_221' title='bbox 1061 3556 1181 3611; x_wconf 90' lang='lat' dir='ltr'><strong>contra</strong></span> <span class='ocrx_word' id='word_1_222' title='bbox 1207 3568 1294 3629; x_wconf 89' lang='lat' dir='ltr'><strong>quos</strong></span> 
     </span>
    </p>
   </div>
   <div class='ocr_carea' id='block_1_5' title="bbox 338 3643 1352 3738">
    <p class='ocr_par' dir='ltr' id='par_1_5' title="bbox 338 3643 1352 3738">
     <span class='ocr_line' id='line_1_35' title="bbox 338 3643 1352 3738; baseline 0.005 -34"><span class='ocrx_word' id='word_1_223' title='bbox 338 3643 499 3707; x_wconf 90' lang='lat' dir='ltr'><strong>adunatis</strong></span> <span class='ocrx_word' id='word_1_224' title='bbox 516 3646 645 3707; x_wconf 90' lang='lat' dir='ltr'><strong>viribus</strong></span> <span class='ocrx_word' id='word_1_225' title='bbox 661 3646 763 3707; x_wconf 84' lang='lat' dir='ltr'><strong>iidem</strong></span> <span class='ocrx_word' id='word_1_226' title='bbox 782 3645 940 3738; x_wconf 86' lang='lat' dir='ltr'><strong>Saxones</strong></span> <span class='ocrx_word' id='word_1_227' title='bbox 956 3653 990 3707; x_wconf 94' lang='lat' dir='ltr'><strong>et</strong></span> <span class='ocrx_word' id='word_1_228' title='bbox 1008 3646 1168 3709; x_wconf 87' lang='lat' dir='ltr'><strong>Frisones</strong></span> <span class='ocrx_word' id='word_1_229' title='bbox 1184 3647 1236 3708; x_wconf 89' lang='lat' dir='ltr'><strong>bis</strong></span> <span class='ocrx_word' id='word_1_230' title='bbox 1258 3648 1293 3708; x_wconf 90' lang='lat' dir='ltr'><strong>in</strong></span> <span class='ocrx_word' id='word_1_231' title='bbox 1345 3648 1352 3665; x_wconf 74' lang='lat'><strong><em>⁵</em></strong></span> 
     </span>
    </p>
   </div>
   <div class='ocr_carea' id='block_1_6' title="bbox 337 3789 1294 4123">
    <p class='ocr_par' dir='ltr' id='par_1_6' title="bbox 373 3789 1294 3992">
     <span class='ocr_line' id='line_1_36' title="bbox 373 3789 1294 3861; baseline 0.004 -22"><span class='ocrx_word' id='word_1_232' title='bbox 373 3791 381 3819; x_wconf 89' lang='lat'><strong>¹</strong></span> <span class='ocrx_word' id='word_1_233' title='bbox 400 3792 466 3854; x_wconf 68' lang='lat' dir='ltr'><strong>xva]</strong></span> <span class='ocrx_word' id='word_1_234' title='bbox 485 3793 618 3842; x_wconf 87' lang='lat' dir='ltr'><strong>Tredecim</strong></span> <span class='ocrx_word' id='word_1_235' title='bbox 630 3795 663 3842; x_wconf 77' lang='lat' dir='ltr'><strong>A.</strong></span> <span class='ocrx_word' id='word_1_236' title='bbox 865 3793 874 3820; x_wconf 87' lang='lat'>⁴</span> <span class='ocrx_word' id='word_1_237' title='bbox 893 3793 974 3840; x_wconf 81' lang='lat' dir='ltr'><strong>Tertio</strong></span> <span class='ocrx_word' id='word_1_238' title='bbox 989 3808 1051 3840; x_wconf 83' lang='lat' dir='ltr'><strong>anno</strong></span> <span class='ocrx_word' id='word_1_239' title='bbox 1065 3789 1142 3861; x_wconf 81' lang='lat' dir='ltr'><strong>unta]</strong></span> <span class='ocrx_word' id='word_1_240' title='bbox 1164 3795 1294 3855; x_wconf 86' lang='lat' dir='ltr'><strong>Superiori</strong></span> 
     </span>
     <span class='ocr_line' id='line_1_37' title="bbox 373 3862 1292 3992; baseline 0.009 -21"><span class='ocrx_word' id='word_1_241' title='bbox 373 3892 523 3958; x_wconf 32' lang='lat' dir='ltr'><strong>medinm]</strong></span> <span class='ocrx_word' id='word_1_242' title='bbox 542 3895 715 3944; x_wconf 49' lang='lat' dir='ltr'><strong>mmmm·</strong></span> <span class='ocrx_word' id='word_1_243' title='bbox 829 3862 1197 3992; x_wconf 48' lang='lat' dir='ltr'><strong>anllllrtritiqnoramSaxonum]</strong></span> <span class='ocrx_word' id='word_1_244' title='bbox 1215 3929 1292 3980; x_wconf 80' lang='lat' dir='ltr'><strong>Quod</strong></span> 
     </span>
    </p>

    <p class='ocr_par' dir='ltr' id='par_1_7' title="bbox 337 3989 1292 4123">
     <span class='ocr_line' id='line_1_38' title="bbox 373 3989 1292 4056; baseline 0.011 -17"><span class='ocrx_word' id='word_1_245' title='bbox 373 3989 383 4018; x_wconf 81' lang='lat'>³</span> <span class='ocrx_word' id='word_1_246' title='bbox 401 3993 550 4055; x_wconf 68' lang='lat' dir='ltr'><strong>Percussit]</strong></span> <span class='ocrx_word' id='word_1_247' title='bbox 564 3996 612 4044; x_wconf 89' lang='lat' dir='ltr'><strong>See</strong></span> <span class='ocrx_word' id='word_1_248' title='bbox 622 3997 661 4044; x_wconf 90' lang='lat' dir='ltr'><strong>W.</strong></span> <span class='ocrx_word' id='word_1_249' title='bbox 675 3997 764 4044; x_wconf 89' lang='lat' dir='ltr'><strong>Malm.</strong></span> <span class='ocrx_word' id='word_1_250' title='bbox 777 4012 802 4056; x_wconf 94' lang='lat' dir='ltr'><strong>p.</strong></span> <span class='ocrx_word' id='word_1_251' title='bbox 828 3997 952 4046; x_wconf 79' lang='lat' dir='ltr'><strong>Saronico</strong></span> <span class='ocrx_word' id='word_1_252' title='bbox 974 3998 1068 4046; x_wconf 89' lang='lat' dir='ltr'><strong>dicitur</strong></span> <span class='ocrx_word' id='word_1_253' title='bbox 1094 3998 1292 4049; x_wconf 86' lang='lat' dir='ltr'><strong>Eald-Seaxum.</strong></span> 
     </span>
     <span class='ocr_line' id='line_1_39' title="bbox 337 4063 928 4123; baseline 0.005 -13"><span class='ocrx_word' id='word_1_254' title='bbox 337 4064 395 4122; x_wconf 86' lang='lat' dir='ltr'><strong>loo,</strong></span> <span class='ocrx_word' id='word_1_255' title='bbox 404 4063 454 4108; x_wconf 88' lang='lat' dir='ltr'><strong>and</strong></span> <span class='ocrx_word' id='word_1_256' title='bbox 467 4063 518 4111; x_wconf 87' lang='lat' dir='ltr'><strong>Mr.</strong></span> <span class='ocrx_word' id='word_1_257' title='bbox 528 4063 642 4123; x_wconf 85' lang='lat' dir='ltr'><strong>Hardy&#39;s</strong></span> <span class='ocrx_word' id='word_1_258' title='bbox 654 4072 720 4113; x_wconf 89' lang='lat' dir='ltr'><strong>note.</strong></span> <span class='ocrx_word' id='word_1_259' title='bbox 828 4067 861 4115; x_wconf 84' lang='lat' dir='ltr'><strong>A.</strong></span> <span class='ocrx_word' id='word_1_260' title='bbox 873 4067 928 4114; x_wconf 80' lang='lat' dir='ltr'><strong>odd.</strong></span> 
     </span>
    </p>
   </div>
   <div class='ocr_carea' id='block_1_7' title="bbox 0 0 1554 4770">
    <p class='ocr_par' dir='ltr' id='par_1_8' title="bbox 0 0 1554 4770">
     <span class='ocr_line' id='line_1_40' title="bbox 0 0 1554 4770; baseline 0 6"><span class='ocrx_word' id='word_1_261' title='bbox 0 0 1554 4770; x_wconf 95' lang='lat' dir='ltr'><strong> </strong></span> 
     </span>
    </p>
   </div>
  </div>
 </body>
</html>
