3098 4770
437 339 628 386 ruonnnru
657 338 940 386 wrconurnnsrs.
1097 325 1162 388 127

210 492 397 572 cingentes,
416 494 546 557 tamdiu
572 496 779 576 impugnant
806 495 915 557 donec
939 505 1159 576 expugnent3

210 607 327 653 omnes
359 600 488 668 autem,
518 595 674 674 exceptis
707 593 828 674 paucis
856 595 915 674 qui
945 593 1160 674 aufugerant,

210 687 431 765 interficiunt,
448 701 483 755 et
499 691 660 771 quicquid
677 692 772 753 intus
790 693 966 773 reperiunt
988 691 1160 772 diripiunt.

212 785 314 863 Quod
347 789 439 850 Dani
478 790 744 870 idest-Angliarn
783 791 972 852 incolentes
1010 791 1161 870 graviter
1172 805 1218 890 ἕξις
1228 804 1302 842 nane·

211 884 369 960 serentes,
385 905 554 968 suamque
569 887 730 968 injuriam
746 888 866 949 ulcisci
882 889 1067 969 cupientes,
1083 907 1159 950 cum
1174 863 1273 947 ullllln

210 983 344 1063 piratis,
373 1004 460 1064 quos
487 987 521 1047 in
550 985 715 1047 auxilium
744 986 810 1047 sibi
837 993 1094 1059 contraxerant,
1115 987 1158 1047 ad

212 1080 425 1144 Maeldunam
453 1083 599 1164 profecti
623 1092 718 1159 sunt,
747 1092 784 1146 et
807 1102 882 1145 earn
907 1083 1039 1145 tamdiu
1067 1084 1158 1146 obsi-

212 1178 331 1242 dentes
362 1182 624 1262 impugnabant,
648 1182 762 1262 quoad
791 1179 916 1262 Anglis
941 1181 983 1243 de
1010 1181 1159 1243 finitimis

211 1278 296 1340 locis
321 1279 496 1342 auxiliarii
509 1282 702 1358 venissent;
727 1298 908 1360 quoscum
926 1279 1018 1341 Dani
1033 1281 1158 1342 adven·
1171 1294 1321 1342 arererulsed·
1347 1311 1352 1319 ·

211 1382 286 1438 tare
302 1377 478 1453 vidissent,
494 1378 538 1440 ab
550 1379 642 1440 urbis
660 1377 918 1458 impugnatione
937 1387 1159 1441 recesserunt.

212 1472 293 1536 Hoc
321 1476 409 1550 viso,
432 1476 540 1556 Angli
565 1476 643 1539 illos
671 1495 798 1556 magno
823 1476 953 1557 impetu
980 1477 1159 1557 persecuti,

212 1572 321 1634 multa
341 1573 450 1635 millia
473 1582 508 1636 et
533 1575 576 1636 de
599 1576 722 1654 piratis
747 1574 840 1637 etde
858 1575 992 1637 caeteris
1008 1583 1159 1654 prostra-

212 1678 347 1745 verunt,
380 1669 532 1750 reliquos
557 1690 640 1733 vero
666 1672 886 1750 fugaverunt.
940 1670 1022 1733 Non
1051 1671 1288 1774 m⁰ll⁰ssssffi¹33¹l

212 1776 292 1849 post
307 1787 368 1831 rex
388 1769 635 1831 invictissimus
663 1768 879 1831 Eadwardus
895 1767 1157 1832 West-Saxoni-
1171 1765 1299 1824 rouceiter.

212 1883 288 1928 carn
297 1867 549 1947 expeditionem
565 1867 608 1929 ad
624 1865 840 1930 Passanham
856 1866 968 1942 duxit,
984 1874 1020 1930 et
1031 1867 1158 1929 tamdiu

213 1963 261 2025 ibi
297 1964 451 2026 consedit
487 1965 596 2028 donec
632 1967 714 2028 urbs
751 1965 986 2028 Toueceastra
1023 1965 1157 2046 lapideo

212 2061 408 2141 cingeretur
443 2079 563 2124 muro:
595 2062 687 2124 unde
730 2062 887 2124 Danicus
925 2080 1039 2124 comes
1069 2062 1157 2124 Tur·
1171 2078 1289 2138 munem

211 2158 356 2235 ferthus,
388 2160 471 2240 quia
498 2160 590 2241 regis
620 2160 751 2223 diutius
776 2159 976 2222 strenuitati
1002 2159 1158 2223 resistere
1171 2130 1295 2217 illini

212 2256 282 2319 non
293 2257 443 2333 valebat,
454 2277 532 2320 cum
546 2259 679 2321 civibus
695 2264 730 2321 et
744 2256 1014 2339 provincialibus
1028 2257 1156 2321 North·

213 2356 487 2431 amtunensibus,
515 2356 626 2419 Danis
656 2364 691 2420 et
722 2355 859 2437 Anglis,
888 2356 962 2436 regi
990 2375 1027 2419 se
1058 2356 1159 2418 dede-

212 2452 284 2517 bat.
335 2453 405 2515 His
431 2453 551 2534 gestis,
581 2473 644 2516 rex
676 2454 816 2516 domum
844 2454 957 2528 rediit,
987 2455 1158 2535 aliumque
1171 2469 1315 2517 iruuenden

1171 2521 1273 2560 restored.

213 2551 402 2614 exercitum
435 2552 479 2614 ad
510 2551 729 2614 Huntandun
758 2571 778 2614 e
806 2551 956 2632 vestigio
985 2551 1088 2628 misit,
1118 2560 1160 2615 ut

209 2649 389 2713 civitatem
420 2650 626 2713 resarcirent
658 2657 694 2712 et
732 2656 949 2724 renovarent,
979 2657 1014 2714 et
1052 2649 1088 2712 in
1118 2669 1160 2713 ea

212 2747 372 2809 custodes
387 2756 565 2829 ponerent.
618 2746 754 2825 Quibus
774 2747 934 2830 patratis,
950 2766 1067 2811 omnes
1081 2767 1160 2828 pro·

213 2834 376 2909 vinciales
390 2846 454 2921 illi,
470 2846 529 2926 qui
545 2845 724 2908 Danorum
738 2852 942 2926 supererant
957 2846 1160 2921 crudelitati,

211 2962 249 3005 se
265 2945 424 3006 manibus
436 2943 574 3007 illorum
589 2944 742 3007 evasisse
767 2943 971 3024 gaudentes,
986 2962 1105 3025 pacem
1127 2950 1162 3006 et

212 3043 441 3122 patrocinium
459 3043 551 3122 regis
573 3043 750 3124 petebant,
766 3043 867 3123 eique
885 3042 939 3103 sui
957 3041 1161 3105 deditionem

213 3139 409 3203 offerebant.
456 3139 584 3203 Paucis
599 3159 681 3202 vero
696 3140 887 3221 interjectis
901 3140 1032 3214 diebus,
1044 3139 1160 3202 West-
1172 3155 1295 3241 carneadia

213 3236 383 3300 Saxonico
414 3238 608 3301 coadunato
634 3239 802 3313 exercitu,
831 3237 874 3299 ad
908 3235 1162 3308 Coleceastram
1172 3215 1276 3253 '‘⁹⁸¹¹‘'

212 3354 275 3398 rex
293 3336 388 3410 abiit,
405 3343 440 3398 et
457 3354 591 3398 murum
608 3335 700 3397 illius
724 3336 985 3414 redintegravit,
1003 3336 1161 3415 virosque

211 3433 247 3494 in
269 3452 310 3495 ea
327 3433 509 3496 bellicosos
537 3453 613 3496 cum
642 3434 815 3514 stipendio
840 3434 967 3515 posuit.
1020 3432 1161 3495 Interim
1173 3446 1307 3535 sgggniggog

212 3530 254 3592 de
271 3529 504 3610 East-Anglia
519 3539 554 3594 et
570 3531 825 3594 East-Saxonia
843 3530 943 3593 multi
959 3531 1161 3612 Anglorum,
1172 3507 1292 3594 laudans-⁸

212 3629 271 3708 qui
295 3628 400 3691 ferme
429 3645 527 3692 xxx.
547 3649 654 3694 annos
681 3630 810 3693 feritati
834 3629 1057 3710 Paganorum
1081 3628 1161 3689 sub·

207 3727 383 3808 jacebant,
400 3726 481 3790 laeto
513 3729 626 3791 animo
656 3748 693 3791 se
730 3730 804 3808 regi
835 3727 1085 3808 subjiciebant3
1118 3725 1161 3787 ad

211 3844 313 3906 quem
343 3826 447 3887 etiam
477 3825 568 3887 Dani
597 3825 862 3904 East-Angliam
892 3825 1079 3886 incolentes
1103 3843 1162 3885 ve·

209 3930 346 3999 nerunt,
364 3931 399 3986 et
416 3943 453 3986 se
477 3923 563 3985 mari
579 3931 738 4003 terraque
753 3923 799 3984 nil
816 3921 906 4003 quod
926 3942 1043 4001 regem
1059 3921 1165 3983 ollen-

209 4023 305 4085 deret
335 4022 472 4103 penitus
505 4029 642 4084 acturos
676 4028 893 4083 sacramento
933 4020 1162 4083 firmaverunt.
