3098 4770
367 355 410 420 80
745 369 954 418 cnuorucou

369 527 589 590 Britanniam
624 526 776 599 advenit,
800 527 835 588 in
858 542 964 605 regno
992 522 1217 586 Orientalium
1244 518 1318 582 An·

369 623 531 705 glorum,1
555 625 648 704 quod
672 624 845 688 Saxonice
866 623 1067 703 Eam-engle
1089 621 1224 695 dicitur,
1248 619 1319 681 hie-

369 723 490 797 mavit,
520 722 636 804 ibique
669 723 729 786 ille
764 725 936 788 exercitus
965 722 1117 785 maxima
1147 737 1191 782 ex
1221 726 1319 800 parte

371 821 542 901 equestris
561 821 675 886 factus
692 823 783 886 est.”

222 935 338 975 anuu-
422 925 444 954 “
456 918 655 984 Praedictus
677 921 901 1002 Paganorum
915 919 1086 982 exercitus
1103 916 1144 978 de
1161 914 1319 978 Orienta-

204 1001 335 1098 ξῗοίἓὲἳῖ
371 1017 462 1081 libus
489 1018 618 1100 Anglis
649 1020 693 1083 ad
723 1020 917 1082 Eboracum
944 1017 1119 1081 civitatem
1146 1013 1318 1094 migravit,

207 1100 276 1139 M·
372 1134 451 1196 quae
466 1118 502 1178 in
520 1118 711 1198 aquilonali
726 1119 802 1197 ripa
820 1116 988 1179 Humbrae
1008 1113 1157 1176 fluminis
1171 1113 1239 1174 sita
1255 1120 1320 1174 est.

207 1235 263 1276 cnr
277 1234 359 1294 amn·
373 1213 426 1275 Eo
443 1222 599 1294 tempore
620 1216 775 1276 maxima
794 1215 882 1276 inter
903 1211 1225 1292 Nortbanhymbros
1250 1209 1320 1271 dis·

207 1287 327 1373 {liffeim-
374 1311 493 1374 cordia
511 1311 683 1375 diabolico
699 1313 865 1374 instinctu
880 1318 955 1374 orta
970 1311 1100 1381 fuerat;
1125 1309 1214 1371 sicut
1230 1326 1320 1369 sem·

206 1385 261 1423 '³¹¹⁸'
373 1427 435 1490 per
457 1410 588 1491 populo
613 1410 671 1490 qui
694 1411 810 1473 odium
834 1406 1029 1472 incurrerit²
1052 1407 1185 1470 evenire
1209 1405 1318 1478 solet;

207 1511 353 1600 gffiffgwd
375 1526 455 1570 nam
492 1507 527 1572 N
530 1508 793 1591 orthanbymbri
825 1527 865 1571 eo
896 1516 1061 1589 tempore,
1088 1514 1128 1568 ut
1158 1504 1319 1578 diximus,

373 1607 566 1688 legitimum
588 1628 705 1689 regem
731 1628 844 1684 suum,
873 1606 1015 1670 Osbriht
1042 1605 1188 1679 nomine,
1213 1622 1319 1683 regno

373 1706 593 1787 expulerant,
613 1715 648 1769 et
665 1714 849 1788 tyrannum
866 1705 1045 1787 quendam,
1065 1703 1159 1766 AElla
1174 1703 1321 1777 nomine,

331 1843 335 1853 ·
373 1821 443 1864 non
469 1804 512 1865 de
538 1805 651 1883 regali
676 1805 839 1886 prosapia
864 1803 1092 1883 progenitum,
1107 1819 1211 1880 super
1223 1799 1322 1880 regni

374 1900 507 1980 apicem
523 1902 795 1964 constituerant:
812 1899 872 1963 sed
884 1899 1144 1963 advenientibus
1160 1897 1322 1978 Paganis,

369 1998 518 2061 consilio
548 1999 667 2062 divino
702 2006 738 2062 et
770 1998 975 2080 optimatum
1008 1995 1227 2070 adminiculo,
1257 2014 1320 2076 pro

374 2096 549 2159 communi
565 2097 718 2162 utilitate
734 2097 907 2161 discordia
921 2096 982 2160 illa
999 2093 1250 2177 aliquantulum
1269 2113 1323 2156 sc-

373 2194 470 2270 data,
489 2195 636 2258 Osbriht
660 2205 694 2259 et
716 2195 823 2270 AElla,
846 2194 1005 2258 adunatis
1030 2193 1159 2256 viribus
1180 2210 1323 2272 congre·

374 2300 528 2373 gatoque
557 2294 725 2368 exercitu,
744 2293 949 2356 'Eboracum
981 2292 1142 2373 oppidum
1172 2291 1321 2368 adcnnt;

375 2390 501 2471 quibus
532 2390 807 2467 advenientibus,
839 2391 973 2473 Pagani
1002 2390 1179 2453 confestim
1205 2388 1323 2469 fugam

375 2490 558 2570 arripiunt,
576 2496 613 2553 et
629 2490 722 2554 intra
737 2491 831 2553 urbis
846 2491 973 2553 moenia
992 2508 1029 2552 se
1049 2487 1228 2552 defendere
1243 2506 1322 2567 pro·

375 2595 519 2667 curant3
555 2607 703 2669 quorum
733 2588 852 2669 fugam
883 2597 918 2652 et
947 2606 1110 2668 pavorem
1137 2584 1324 2648 Christiani

376 2694 568 2763 cernentes,
585 2687 691 2750 etiam
706 2687 798 2749 intra
813 2687 908 2749 urbis
932 2686 1060 2749 moenia
1080 2680 1138 2748 eos
1151 2682 1323 2765 persequi,

377 2792 412 2847 et
432 2804 570 2847 murum
584 2785 745 2866 frangere
768 2784 964 2860 instituunt,
986 2784 1077 2866 quod
1094 2790 1129 2847 et
1151 2782 1324 2859 fecerunt3

377 2902 446 2945 non
463 2883 554 2946 enim
573 2891 656 2946 tunc
674 2883 785 2946 adhuc
799 2884 860 2947 illa
875 2884 998 2947 civitas
1012 2882 1128 2944 firmos
1143 2888 1178 2944 et
1193 2879 1325 2943 stabili-

377 2987 433 3043 tos
463 3000 582 3044 muros
610 2981 679 3043 illis
704 2983 916 3062 temporibus
942 2981 1103 3043 babebat.
1170 2977 1325 3060 Cumque

377 3077 568 3142 Christiani
598 3098 746 3155 murum,
772 3087 812 3142 ut
846 3085 1107 3161 proposuerant,
1129 3077 1325 3157 fregissent,

376 3195 564 3259 eorumque
596 3196 724 3258 magna
752 3197 833 3259 pars
857 3180 893 3240 in
920 3179 1095 3241 civitatem
1119 3175 1220 3238 simul
1247 3193 1325 3237 cum

377 3275 533 3356 Paganis
549 3276 749 3352 intrassent,
766 3276 915 3357 Pagani,
932 3277 1049 3340 dolore
1071 3282 1104 3338 et
1121 3274 1325 3337 necessitate

376 3374 558 3453 compulsi,
575 3394 680 3456 super
697 3394 756 3438 eos
773 3376 936 3438 atrociter
955 3375 1160 3455 irrumpunt,
1176 3372 1324 3447 caedunt,

375 3471 509 3552 fugant,
526 3480 750 3553 prosternunt
761 3474 855 3535 intus
871 3481 906 3536 et
917 3480 1028 3535 extra.
1081 3471 1159 3534 Illic
1174 3471 1325 3533 maxima

375 3589 419 3631 ex
444 3578 545 3651 parte
568 3589 687 3633 omnes
715 3570 1131 3651 Northanbymbrensium
1154 3571 1247 3644 coeti,
1269 3588 1328 3632 oc-

375 3669 455 3730 cisis
474 3669 609 3731 duobus
631 3670 783 3748 regibuS,
801 3669 905 3732 deleti
928 3670 1180 3744 occubuerunt;
1204 3667 1328 3749 reliqui

375 3785 457 3830 vero
478 3768 538 3848 qui
555 3776 743 3830 evaserunt
766 3786 887 3847 pacem
910 3786 987 3829 cum
1014 3765 1166 3847 Paganis
1188 3767 1327 3848 pepige-

376 3873 468 3927 runt.
531 3866 663 3929 Eodem
688 3885 779 3929 anno
807 3866 1018 3929 Ealhstanus
1051 3863 1327 3928 Scireburnensis

483 4060 490 4088 ¹
508 4061 639 4111 Saxonum
650 4063 684 4113 A.
856 4059 861 4130 Ι
912 4059 927 4120 '.
938 4062 1066 4123 fatumia}
1085 4061 1135 4111 Dei
1147 4061 1181 4112 A.
1192 4064 1249 4110 add.
