3098 4770
438 276 628 322 rnonnnrrr
656 276 935 324 wroonmnusrs.
1098 265 1166 328 223

209 438 358 511 poterat,
376 432 430 493 die
451 431 646 495 festivitatis
666 435 779 496 sancti
801 433 1048 498 Bartlrolomaei
1067 437 1163 516 Apo·

210 529 289 591 stoli
322 529 382 609 [24
415 529 535 610 Aug.],
565 530 646 594 illuc
679 532 784 605 venit,
819 539 853 594 et
886 534 1063 612 operarios
1094 535 1164 598 sere

210 633 364 702 cunctos,
394 646 471 689 cum
494 628 642 709 illisqui
666 629 715 690 eis
741 639 923 710 praeerant,
947 632 1103 711 peremit,
1131 642 1165 695 et

210 726 326 786 omnia
357 726 459 800 bona,
487 745 564 807 quae
592 728 640 789 ibi
669 737 880 808 congregata
906 728 1053 803 fuerant,
1085 731 1163 792 abs-

209 820 315 884 tulit!
368 822 459 886 Dein
485 831 564 904 post
588 824 812 888 festivitatem
842 827 953 890 sancti
979 825 1164 890 Michaelis

210 918 435 1000 Archangeli,
467 938 500 983 v.
532 941 641 985 nonas
675 922 837 985 Octobris
869 924 907 1004 [3
938 923 1049 1004 Oct.],
1079 926 1327 988 seriarnsumeran

210 1019 374 1092 secunda,
391 1018 426 1080 N
429 1019 727 1101 orthhymbrenses
744 1021 904 1097 ministri,
921 1019 1165 1099 Gamelbearn,
1178 993 1298 1080 ‘lilium-

210 1115 417 1178 Dunstanus
453 1117 540 1180 lilius
572 1117 812 1195 Athelnethes,
846 1118 1037 1182 Glonieorn
1072 1091 1331 1183 filiusb'¹⁸¹¹⁸h⁸⁰“'

212 1211 407 1288 Heardulli,
439 1235 516 1277 cum
550 1232 602 1278 cc.
633 1217 799 1281 militibus
833 1218 1030 1280 Eboracum
1062 1239 1165 1282 vene·

106 1351 107 1354 ¹
210 1319 303 1386 runt,
320 1320 354 1374 et
373 1331 436 1393 pro
459 1314 652 1376 execranda
666 1334 750 1377 nece
768 1315 933 1377 nobilium
953 1315 988 1377 N
991 1317 1166 1396 orthhym·

210 1410 385 1472 brensium
412 1411 644 1474 ministrorum
675 1410 887 1492 Gospatrici,
920 1431 1021 1493 quem
1046 1415 1166 1493 regina

212 1506 375 1588 Edgitha,
392 1511 544 1590 germani
560 1511 613 1572 sui
632 1510 744 1573 Tostii
760 1529 879 1586 causa,
895 1511 930 1572 in
951 1513 1046 1573 curia
1061 1515 1165 1592 regis,

211 1604 280 1667 ιώ.
310 1615 412 1670 nocte
434 1608 623 1671 Dominicae
647 1608 855 1671 Natiuitatis
878 1608 937 1688 [28
961 1610 1077 1688 Dec.],
1105 1630 1167 1690 per

210 1703 352 1765 insidias
380 1705 489 1767 occidi
508 1705 633 1786 jussit3
669 1714 704 1766 et
730 1704 886 1766 Gamelis
911 1705 971 1766 tilii
1000 1706 1096 1782 Orm,
1124 1726 1165 1769 ac

212 1800 284 1862 Ulfi
302 1800 364 1862 filii
382 1801 523 1877 Dolfini,
539 1822 638 1884 quos,
657 1821 748 1864 anno
773 1803 983 1884 praecedenti
1005 1804 1165 1880 Eboraci,

211 1899 247 1961 in
271 1919 409 1963 camera
437 1919 513 1976 sua,
541 1903 606 1964 sub
636 1901 732 1983 pacis
756 1900 895 1977 foedere,
923 1921 986 1983 per
1008 1903 1164 1979 insidias,

211 2016 326 2060 comes
349 1998 492 2062 Tostius
523 1999 679 2061 occidere
711 2000 898 2080 proecepit3
936 2018 1068 2062 necnon
1101 2020 1164 2082 pro

211 2096 442 2158 immensitate
468 2097 588 2159 tributi
610 2096 702 2177 quod
727 2096 770 2159 de
793 2103 870 2158 tota
891 2095 1166 2179 Nortbhymbria

211 2192 338 2275 injuste
354 2200 547 2273 acceperat,
565 2193 683 2256 eodem
700 2193 755 2255 die
770 2194 930 2274 primitus
945 2194 1038 2258 illius
1054 2195 1167 2258 Dani·

212 2309 271 2352 cos
301 2290 480 2353 huscarlas
508 2289 706 2354 Amandum
732 2299 767 2354 et
794 2291 1096 2356 Reavensvartum
1124 2293 1166 2356 de

211 2388 296 2469 suga
318 2395 499 2464 retractos,
522 2396 623 2452 extra
645 2389 801 2452 civitatis
820 2409 950 2465 muros,
971 2409 1011 2453 ac
1034 2390 1089 2452 die
1111 2410 1165 2453 se-

212 2485 332 2567 quenti
352 2487 535 2569 piusquam
554 2503 609 2551 cc.
628 2487 721 2550 viros
741 2506 786 2550 ex
803 2488 992 2550 curialibus
1008 2487 1113 2562 illius,
1129 2489 1165 2551 in

210 2585 342 2647 boreali
356 2593 455 2666 parte
468 2584 635 2647 Humbrae
646 2585 807 2663 flaminia,
821 2594 1059 2668 peremerunt;
1079 2605 1166 2648 aera·

170 2717 181 2727 ·
211 2682 299 2744 rium
322 2701 460 2763 quoque
487 2683 597 2763 ipsius
622 2681 810 2762 fregerunt,
834 2703 875 2746 ac
904 2684 1061 2746 omnibus
1087 2702 1166 2763 quae

210 2779 302 2841 illius
318 2779 457 2843 fuerant
473 2781 610 2853 ablatis,
624 2787 851 2844 recesserunt.
899 2779 1027 2842 Omnes
1043 2781 1166 2843 dehinc
1179 2799 1310 2848 raeyexpa

211 2877 282 2940 fere
296 2879 481 2941 comitatus
495 2877 587 2940 illius
600 2878 636 2939 in
650 2897 759 2940 unum
775 2879 990 2958 congregati,
1007 2877 1166 2941 Haroldo
1179 2849 1260 2924 Μ
1321 2901 1323 2905 ”

212 2974 510 3038 west-Saxonum
545 2975 634 3051 duci,
667 2983 702 3038 et
732 2976 810 3037 aliis
839 2993 927 3055 quos
957 2995 1019 3038 rex
1051 2975 1165 3038 Tostii

211 3080 339 3154 rogatu
355 3092 420 3153 pro
435 3091 520 3154 pace
537 3073 803 3153 redintegranda
821 3073 865 3134 ad
884 3092 943 3136 eos
963 3075 1114 3149 miserat,
1130 3075 1165 3135 in

213 3169 483 3234 Nortbamtonia
514 3177 755 3247 occurrerunt3
790 3171 850 3232 ubi
883 3170 990 3251 prius,
1021 3177 1056 3233 et
1085 3178 1166 3250 post

212 3268 303 3349 apud
334 3267 583 3344 Oxnefordam,
612 3268 666 3330 (lie
688 3255 891 3330 festivitatis
916 3267 1164 3349 Apostolorum

212 3365 360 3429 Simonis
377 3374 412 3430 et
428 3365 451 3428 J
453 3366 530 3428 udae
548 3365 608 3446 [28
629 3364 738 3444 Oct.],
755 3365 836 3427 dum
857 3365 1037 3427 Haroldus
1053 3373 1087 3428 et
1105 3366 1165 3428 alii

212 3464 434 3545 quamplures
452 3465 610 3527 comitem
633 3462 792 3526 Tostium
814 3481 892 3524 cum
917 3462 965 3524 eis
983 3462 1166 3543 pacificare
1229 3460 1232 3465 ’

211 3561 352 3636 vellent,
368 3581 485 3624 omnes
507 3562 661 3624 unanimi
685 3579 853 3624 consensu
871 3560 1164 3634 contradixerunt,

212 3677 252 3720 ac
271 3678 348 3721 eum
365 3678 441 3722 oum
458 3660 627 3734 omnibuS,
641 3661 700 3740 qui
714 3659 824 3738 legem
841 3658 995 3737 iniquam
1012 3664 1166 3719 statuere

211 3757 308 3818 illum
326 3757 565 3832 incitaverant,
586 3757 855 3835 exlegaverunt:
881 3761 915 3816 et
935 3760 1015 3833 post
1035 3754 1167 3815 festivi·

596 3959 602 3987 ¹
620 3963 680 4010 Sax.
693 3960 786 4010 Cliton.
