3098 4770
209 1071 256 1110 'l’lte
266 1070 318 1108 Nor·

209 1129 272 1158 mons
281 1129 317 1157 ex·

210 1169 278 1218 pelled
289 1168 343 1205 from

210 1217 313 1267 England.

209 3109 228 3146 A
237 3109 318 3148 violent

209 3157 329 3198 nutricans.

371 301 436 364 210
742 312 951 359 canopicon

374 469 464 531 enim
485 466 611 529 ductus
629 469 846 547 poenitentia,
872 487 914 531 eo
939 466 1044 547 quod,
1067 472 1108 526 ut
1130 462 1323 544 praelibavi·

374 584 463 639 mus,
502 565 744 629 consobrinum
777 584 878 628 snum
916 564 1032 627 Beorn
1067 562 1250 634 occiderat,
1279 559 1323 621 de

376 661 540 726 Flandria
569 664 670 727 nudis
692 663 837 745 pedibus
864 660 1054 724 Ierusalem
1078 661 1151 742 jam
1178 659 1323 732 adierat,

373 759 522 839 indeque
552 763 702 835 rediens,
735 758 962 822 invalitudine
993 777 1038 820 ex
1064 759 1169 819 nimio
1195 756 1323 836 frigore

373 866 565 936 contracta,
578 869 736 923 mortuns
754 858 861 920 estin
879 854 1002 919 Licia.²
1048 855 1173 917 Filiam
1186 871 1324 934 quoque

373 955 483 1032 ducis,
504 958 716 1038 Eadgitham
738 957 904 1036 reginam,
925 954 1075 1035 digniter
1096 972 1160 1016 rex
1181 951 1323 1031 recepit,

373 1072 414 1116 ac
445 1056 602 1134 pristinae
634 1055 796 1133 dignitati
832 1053 998 1115 restituit.
1068 1051 1179 1113 Facta
1216 1049 1324 1127 igitur

372 1150 571 1226 concordia,
593 1168 748 1231 paceque
768 1150 918 1222 firmata,
933 1149 1028 1211 omni
1047 1147 1175 1228 populo
1192 1153 1322 1209 rectam

372 1245 484 1326 legem
517 1248 762 1328 promiserunt,
792 1253 828 1310 et
856 1248 975 1310 omnes
1002 1245 1036 1309 N
1038 1252 1236 1308 ortmannos
1262 1244 1321 1324 qui

372 1343 468 1424 leges
483 1345 622 1426 iniquas
635 1344 897 1419 adinvenerant,
908 1351 944 1407 et
954 1344 1083 1426 injusta
1089 1343 1220 1425 judicia
1227 1341 1322 1424 judi-

373 1452 551 1518 caverant,
570 1443 748 1523 multaque
772 1443 846 1521 regi
869 1442 985 1503 insilia
1007 1441 1172 1504 adversus
1188 1437 1323 1518 Anglos

373 1540 551 1616 dederant,
567 1541 830 1621 exlegaverunt.
884 1539 1022 1601 Paucos
1039 1547 1166 1614 tamen,
1180 1536 1322 1610 scilicet,

374 1638 585 1703 Rotbertum
601 1639 792 1714 diaconem,
811 1646 846 1700 et
863 1657 1028 1717 generum
1047 1637 1122 1718 ejus
1133 1635 1322 1700 Ricardum

373 1737 482 1799 tilium
508 1735 645 1813 Βοιόἰ),2
675 1736 870 1799 AElfredum
903 1737 996 1814 regis
1027 1741 1219 1808 stratorem,
1250 1731 1322 1796 An·

374 1832 512 1906 fridum,
529 1841 761 1913 cognomento
777 1833 974 1904 Ceocesfot,
990 1839 1027 1893 et
1041 1832 1208 1911 quosdam
1222 1830 1320 1902 alios,

374 1947 461 2008 quos
485 1929 565 2010 plus
591 1929 727 1992 caeteris
750 1947 816 1990 rex
843 1927 1026 2001 dilexerat,
1053 1929 1152 2007 eique
1177 1935 1212 1989 et
1229 1926 1321 1989 omni

373 2025 504 2107 populo
536 2026 656 2089 fideles
686 2025 888 2099 extiterant,
919 2025 955 2087 in
987 2024 1118 2105 Anglia
1147 2041 1322 2087 remanere

374 2124 613 2202 permiserunt.
664 2122 800 2187 ·Porro
854 2122 1048 2187 Rotbertus
1097 2121 1322 2185 Dorubernioe

374 2220 668 2301 archiepiscopus,
696 2228 732 2283 et
758 2220 952 2283 Lundoniae
971 2220 1099 2301 praesul
1116 2218 1322 2294 Willelmus,

373 2323 409 2378 et
432 2315 499 2379 Uls
521 2316 809 2379 Lindicolinensis
834 2318 992 2392 onustes,
1015 2336 1093 2380 cum
1118 2317 1189 2379 suis
1216 2316 1324 2380 Nort-

374 2413 508 2475 mannis
534 2413 596 2476 vix
623 2414 822 2490 evadentes,
850 2432 946 2476 mare
977 2416 1184 2477 transierunt
1197 2412 1225 2476 :³
1260 2414 1321 2476 sed

373 2508 585 2586 Willelmus,
609 2519 753 2591 propter
770 2529 870 2574 suam
891 2511 1092 2586 bonitatem,
1117 2529 1225 2590 parvo
1242 2522 1323 2592 post

373 2614 528 2688 tempore
566 2616 763 2683 revocatus,
798 2608 833 2669 in
865 2627 968 2670 suum
999 2609 1235 2690 episcopatum
1266 2627 1321 2671 re·

373 2707 509 2786 cipitur.
555 2705 735 2770 Osbernus
753 2721 849 2781 vero,
871 2713 1102 2786 cognomento
1124 2705 1321 2782 Pentecost,

373 2812 408 2867 et
434 2804 549 2866 socius
577 2803 655 2884 ejus
682 2803 792 2884 Hugo
820 2821 886 2865 sua
912 2804 1133 2867 reddiderunt
1156 2804 1320 2882 castella;

372 2907 408 2962 et
422 2901 558 2963 comitis
580 2900 731 2964 Leofrici
750 2900 894 2963 licentia
915 2920 978 2981 per
999 2921 1098 2964 suum
1121 2902 1321 2964 comitatum

372 2996 540 3059 Scottiam
556 2997 737 3073 adeuntes,
754 3016 776 3060 a
792 3017 876 3079 rege
895 2998 1094 3062 Scottorum
1111 2998 1321 3062 Macbeotha

371 3095 525 3174 suscepti
539 3102 630 3158 sunt.
684 3095 816 3158 Eodem
834 3115 939 3171 anno,
954 3097 990 3158 in
1006 3104 1106 3160 nocte
1121 3095 1320 3159 festivitatis

370 3193 482 3254 sancti
497 3191 644 3255 Thomae
664 3191 828 3273 Apostoli
845 3194 905 3272 [21
922 3193 1039 3272 Dec.],
1049 3201 1167 3256 tantus
1180 3201 1321 3274 tamque

405 3337 525 3401 ¹Licia]
560 3341 708 3401 According
736 3346 762 3389 to
790 3341 833 3389 the
859 3343 886 3389 in
901 3343 1060 3402 capite,asa
1079 3346 1149 3404 great
1164 3341 1321 3402 landholder,

369 3406 633 3469 Chronicle,vaegen
649 3409 710 3456 died
727 3414 754 3456 at
768 3409 834 3457 Con·
859 3410 886 3457 in
903 3425 936 3458 no
952 3410 1004 3458 less
1020 3410 1081 3458 than
1099 3411 1139 3458 six
1155 3411 1279 3466 connfies,
1293 3416 1321 3458 at

306 3502 310 3509 ι
369 3476 521 3535 stantinople
533 3490 565 3523 on
581 3476 622 3523 his
629 3478 738 3536 journey
750 3477 833 3526 home.
859 3478 902 3527 the
913 3480 974 3526 time
985 3479 1014 3527 oi
1026 3479 1068 3526 the
1085 3478 1253 3539 smegma
1266 3479 1321 3527 also

369 3543 513 3604 According
536 3549 562 3590 to
588 3543 775 3604 Malmesbury,
801 3545 833 3592 he
859 3560 889 3593 as
906 3561 938 3593 an
954 3547 1034 3594 under
1050 3543 1143 3594 tenant
1190 3546 1241 3594 His
1256 3546 1326 3595 chief

368 3625 423 3659 was
435 3611 501 3659 elain
513 3613 547 3671 by
558 3610 600 3659 the
612 3612 746 3660 Saracens.
859 3619 915 3662 seat
937 3629 992 3662 was
1011 3619 1041 3662 at
1057 3609 1172 3662 Ricard's
1190 3613 1277 3664 Castle
1294 3615 1321 3662 in

405 3677 528 3741 “ScrodJ
556 3680 623 3728 Both
647 3679 699 3726 this
722 3680 833 3728 Richard
860 3682 1197 3743 Herefordshire,soealled
1206 3683 1322 3732 fromhis

368 3746 404 3795 fil.
421 3747 508 3806 Scrob,
531 3749 583 3796 and
604 3747 644 3795 his
667 3763 713 3796 son
734 3749 833 3797 Osbern
859 3751 942 3799 father
965 3751 1007 3800 the
1028 3752 1127 3799 builder
1147 3751 1176 3799 os
1198 3753 1226 3802 it.
1273 3752 1321 3799 See

367 3829 411 3863 are
431 3817 575 3864 mentioned
595 3817 621 3864 in
637 3816 786 3876 Domesday
805 3832 834 3865 as
861 3819 936 3880 Ellis,
960 3820 1057 3868 Introd.
1079 3824 1105 3867 to
1127 3819 1282 3878 Domesday‚
1301 3832 1319 3867 1.
1420 3833 1424 3838 ·

368 3883 472 3945 holding
493 3885 568 3932 lands
590 3886 619 3933 Τ.
644 3885 676 3933 R.
695 3885 727 3934 E.
749 3884 834 3949 (Tem
860 3903 906 3948 pp.
928 3892 986 3948 460,
1003 3892 1060 3947 485,
1082 3888 1133 3936 and
1150 3901 1180 3936 n.
1201 3903 1246 3948 pp.
1267 3891 1322 3945 1⁰³,

367 3965 427 4008 pore
450 3953 528 4013 Regis
552 3950 697 4014 Edwardi).
734 3953 834 4003 Osbern
860 3961 919 4005 206.

367 4032 475 4077 appears
493 4021 547 4068 also
565 4036 657 4080 among
675 4021 717 4068 the
735 4027 834 4070 tenants
897 4023 985 4071 ³Sax.
998 4024 1091 4073 Chron.
