3098 4770
727 324 934 372 canonicos

747 529 916 594 DEIRA.

387 675 538 726 NOMINA
556 676 933 728 nacfllnl‘lscopoaunr
951 678 996 725 ET
1013 672 1276 726 sPlscoronunr

590 778 908 829 NonrflrnraanNAE
926 777 1070 830 GENTIS.

523 960 526 965 ,
629 929 676 975 DE
699 927 836 977 SANGTO
860 927 1032 976 rhomae.

408 1041 475 1104 Vir
508 1043 586 1105 Deo
609 1041 756 1106 dilectus
784 1041 966 1118 Paulinus,
990 1059 1013 1103 a
1036 1038 1142 1103 Justo
1170 1034 1309 1100 archie-

357 1137 500 1218 piscopo
540 1138 719 1202 ordinatus
750 1140 944 1221 episcopus,
971 1157 1088 1219 regem
1115 1133 1308 1215 Northym·

356 1237 497 1297 brorum
514 1235 696 1299 Edwinum
722 1255 800 1299 cum
828 1245 902 1300 tota
927 1245 1030 1318 gente
1047 1254 1113 1298 sua
1138 1233 1183 1297 ad
1203 1231 1306 1295 iidem

358 1332 488 1414 Christi
505 1335 688 1411 convertit,
704 1335 739 1396 in
757 1335 914 1399 Eboraco
928 1332 1118 1416 episcopali
1144 1331 1224 1395 sede
1245 1348 1307 1393 ac·

356 1439 470 1512 cepta.
524 1431 574 1495 At
598 1451 679 1512 rege
700 1432 893 1509 interfecto,
915 1434 1089 1513 rebusque
1118 1427 1308 1510 Northym·

356 1531 496 1592 brorum
525 1530 684 1606 turbatis,
708 1529 866 1594 Cantiam
895 1530 1036 1612 navigio
1064 1528 1178 1604 rediit,
1200 1534 1307 1607 atque

356 1630 400 1691 ab
440 1628 600 1691 Honorio
640 1629 898 1712 archiepiscopo
933 1638 969 1693 ot
1005 1648 1089 1710 rege
1126 1624 1306 1690 Eadbaldo

356 1726 544 1790 honorifice
567 1736 762 1808 susceptus,
780 1748 896 1792 eorum
912 1728 1119 1791 invitatione
1138 1723 1306 1807 praesula-

357 1833 431 1885 turn
463 1823 648 1886 Hrosensis
672 1826 838 1900 ecclesiae,
863 1834 1000 1888 mortuo
1027 1824 1202 1897 Romano,
1227 1840 1306 1884 sus·

356 1920 468 2000 cepit;
493 1920 528 1981 in
544 1938 613 2000 qua
628 1921 790 1997 moriens,
804 1922 960 2003 pallium,
975 1920 1068 2003 qnod
1085 1922 1129 1984 ab
1146 1918 1305 1983 Honorio

355 2036 449 2099 papa
465 2026 676 2100 susceperat,
691 2019 841 2102 reliquit.

390 2162 544 2238 nonnus
562 2189 940 2243 nncrnsmscoronun
958 2191 1260 2244 nnonscnnsrnnr.

421 2320 446 2365 1.
471 2302 651 2366 Paulinus.
970 2302 1152 2352 adseclam
1165 2300 1308 2363 Hm,

408 2417 447 2464 ῃ,
472 2400 623 2465 ceadda·
969 2371 1074 2421 densent
1094 2370 1240 2419 'l'nnberhto
1266 2383 1307 2419 rs·

968 2438 1307 2501 manents,EotaadLindis-

507 2492 536 2542 S·
546 2493 652 2544 Gadda
665 2496 746 2544 “ibin
760 2510 805 2544 Μ·
967 2508 1120 2570 fanensem,
1127 2506 1305 2556 statumine

969 2576 1304 2637 adprorinciamPiotorum.

969 2645 1115 2695 Eathodurn
1127 2660 1187 2694 vero
1201 2644 1234 2693 de
1244 2644 1305 2693 lin-

967 2714 1032 2762 dissi
1050 2728 1179 2763 serenum
1198 2713 1304 2775 arpensi

969 2783 1087 2832 ecclesis
1096 2781 1220 2843 profecit
1232 2782 1304 2830 Ῥαιι·

969 2851 1059 2900 berhto
1086 2851 1211 2912 deposito,
1236 2850 1305 2899 Em

969 2920 1101 2970 adsedem
1113 2918 1304 2981 Hagustalden·

969 3003 1023 3036 sem
1035 2990 1180 3037 revertitur:
1192 2992 1218 3036 st
1225 2987 1304 3037 Guth-

968 3057 1057 3107 hertus
1104 3056 1305 3105 Lindisfsrnensi

969 3127 1086 3174 ecclesio
1096 3127 1241 3186 praeficitnr.
1251 3126 1305 3174 De·

968 3193 1057 3243 functo
1079 3195 1155 3255 Este,
1174 3194 1304 3243 Johannes

471 2562 512 2610 nis
544 2563 677 2612 ecclesiam
708 2564 804 2614 Ebora·
850 2580 855 2589 ·

382 2660 385 2667 ·
470 2645 571 2680 oensem
588 2647 685 2695 regens,
700 2634 734 2682 nd
752 2647 805 2683 nro-

471 2701 576 2748 nasterii
593 2702 643 2762 sui,
659 2703 728 2762 quod
743 2702 805 2751 Las·

472 2765 585 2831 tingnig¹
602 2770 705 2828 dicitur,
717 2785 804 2820 curam

471 2839 585 2898 necessit,
602 2838 719 2887 wilfrido
737 2841 805 2889 Ebo-

472 2908 584 2955 racensis
603 2908 727 2968 ecclesias,
747 2923 805 2957 nec-

470 2989 519 3021 non
527 2980 553 3022 et
560 2976 668 3023 omnium
677 2975 801 3024 Northan·

471 3043 630 3102 hymbrorum
652 3045 698 3092 sed
716 3052 742 3093 et
759 3045 805 3093 Pi-

471 3117 568 3159 ctorum
578 3114 751 3172 episcopatum
758 3114 804 3161 nd-

471 3179 635 3230 ministrante.
671 3181 729 3231 Quo
740 3196 803 3231 are·

472 3261 503 3307 ge
525 3248 644 3308 Ecgfrido
663 3251 802 3309 praesulatu

470 3317 555 3377 pulso,
568 3318 636 3366 Bosa
655 3318 689 3366 ad
707 3319 803 3368 Ebora-

472 3398 582 3439 censem‚
591 3386 656 3434 Eata
666 3387 700 3434 ad
712 3387 802 3449 Hagn-

471 3451 634 3502 staldensem²
643 3454 774 3503 ecclesiam
788 3471 803 3503 a

468 3519 600 3570 Theodoro
614 3524 804 3584 archiepiscopo

470 3590 498 3636 in
508 3590 591 3639 locum
599 3593 655 3652 ejus
665 3594 803 3640 consecrati

471 3665 531 3706 sunt
546 3661 675 3721 episcopi:
698 3676 803 3721 quorum

471 3741 584 3787 numero,
595 3735 652 3788 post
662 3736 713 3777 tres
724 3744 803 3778 annos

969 3277 1015 3322 pro
1026 3263 1206 3312 coordinatur.
1240 3262 1304 3311 Post
1388 3326 1390 3331 Ι

970 3332 1073 3392 longum
1100 3346 1160 3381 vcro
1189 3332 1304 3393 exilium,

968 3399 1104 3448 Wilsridus
1112 3401 1203 3449 iterum
1213 3400 1241 3447 in
1250 3400 1305 3460 epi·

966 3474 1099 3528 scopatum
1115 3468 1305 3530 Hagustslden-

969 3551 1022 3585 sem
1031 3538 1163 3599 recipitur.
1173 3538 1304 3587 Johsnnes

970 3620 1039 3663 vero,
1073 3606 1193 3656 defuncto
1227 3607 1304 3668 Bosa,

971 3674 1081 3723 Eboraci
1092 3676 1263 3724 substituitur.

893 3764 943 3809 ιιι.
969 3748 1077 3811 Bosa.

471 3796 639 3845 abscessionis
682 3798 804 3858 wilfridi,
898 3862 933 3906 lv
967 3846 1149 3909 Johannes

470 3864 535 3912 duos
546 3866 644 3914 addidit
661 3868 802 3916 antistites:

387 4017 393 4046 ¹
413 4021 586 4087 Lastingham,
598 4041 657 4074 near
670 4027 781 4087 Whitby.
872 4024 882 4054 ²
900 4029 1057 4089 augustald,
1069 4043 1126 4076 now
1140 4029 1267 4077 uernam.
