<?xml version="1.0" encoding="UTF-8"?>
<!DOCTYPE html PUBLIC "-//W3C//DTD XHTML 1.0 Transitional//EN"
    "http://www.w3.org/TR/xhtml1/DTD/xhtml1-transitional.dtd">
<html xmlns="http://www.w3.org/1999/xhtml" xml:lang="en" lang="en">
 <head>
  <title>
</title>
<meta http-equiv="Content-Type" content="text/html;charset=utf-8" />
  <meta name='ocr-system' content='tesseract 3.04.00' />
  <meta name='ocr-capabilities' content='ocr_page ocr_carea ocr_par ocr_line ocrx_word'/>
</head>
<body>
  <div class='ocr_page' id='page_1' title='image "./florentiiwigorn00florgoog_0228.png"; bbox 0 0 3098 4770; ppageno 0'>
   <div class='ocr_carea' id='block_1_1' title="bbox 435 325 1159 388">
    <p class='ocr_par' dir='ltr' id='par_1_1' title="bbox 435 325 1159 388">
     <span class='ocr_line' id='line_1_1' title="bbox 435 325 1159 388; baseline 0.006 -4"><span class='ocrx_word' id='word_1_1' title='bbox 435 337 625 384; x_wconf 79' lang='lat' dir='ltr'>rnonurvru</span> <span class='ocrx_word' id='word_1_2' title='bbox 651 338 931 386; x_wconf 80' lang='lat' dir='ltr'>wrooarunrvsrs.</span> <span class='ocrx_word' id='word_1_3' title='bbox 1092 325 1159 388; x_wconf 81' lang='lat'>219</span> 
     </span>
    </p>
   </div>
   <div class='ocr_carea' id='block_1_2' title="bbox 130 491 1242 4100">
    <p class='ocr_par' dir='ltr' id='par_1_2' title="bbox 130 491 1242 4100">
     <span class='ocr_line' id='line_1_2' title="bbox 212 491 1159 573; baseline 0.005 -21"><span class='ocrx_word' id='word_1_4' title='bbox 212 492 406 554; x_wconf 83' lang='lat' dir='ltr'>castitatem</span> <span class='ocrx_word' id='word_1_5' title='bbox 420 491 578 572; x_wconf 86' lang='lat' dir='ltr'>professi,</span> <span class='ocrx_word' id='word_1_6' title='bbox 592 510 630 554; x_wconf 90' lang='lat' dir='ltr'>se</span> <span class='ocrx_word' id='word_1_7' title='bbox 650 494 694 555; x_wconf 87' lang='lat' dir='ltr'>ab</span> <span class='ocrx_word' id='word_1_8' title='bbox 705 492 851 558; x_wconf 91' lang='lat' dir='ltr'>invicem</span> <span class='ocrx_word' id='word_1_9' title='bbox 870 502 1082 573; x_wconf 76' lang='lat' dir='ltr'>separanteS,</span> <span class='ocrx_word' id='word_1_10' title='bbox 1093 496 1159 557; x_wconf 91' lang='lat' dir='ltr'>sub</span> 
     </span>
     <span class='ocr_line' id='line_1_3' title="bbox 210 590 1158 655; baseline 0.003 -4"><span class='ocrx_word' id='word_1_11' title='bbox 210 598 340 652; x_wconf 74' lang='lat' dir='ltr'>sanctae</span> <span class='ocrx_word' id='word_1_12' title='bbox 358 590 630 653; x_wconf 89' lang='lat' dir='ltr'>conversationis</span> <span class='ocrx_word' id='word_1_13' title='bbox 651 591 773 655; x_wconf 86' lang='lat' dir='ltr'>habitu</span> <span class='ocrx_word' id='word_1_14' title='bbox 792 593 901 655; x_wconf 92' lang='lat' dir='ltr'>vitam</span> <span class='ocrx_word' id='word_1_15' title='bbox 922 610 1158 654; x_wconf 90' lang='lat' dir='ltr'>consummare</span> 
     </span>
     <span class='ocr_line' id='line_1_4' title="bbox 211 688 1158 772; baseline 0.001 -22"><span class='ocrx_word' id='word_1_16' title='bbox 211 688 413 766; x_wconf 82' lang='lat' dir='ltr'>gauderent.</span> <span class='ocrx_word' id='word_1_17' title='bbox 476 688 633 765; x_wconf 88' lang='lat' dir='ltr'>Quorum</span> <span class='ocrx_word' id='word_1_18' title='bbox 662 691 821 772; x_wconf 87' lang='lat' dir='ltr'>exemplo</span> <span class='ocrx_word' id='word_1_19' title='bbox 853 690 929 770; x_wconf 90' lang='lat' dir='ltr'>ipse</span> <span class='ocrx_word' id='word_1_20' title='bbox 960 689 1158 752; x_wconf 83' lang='lat' dir='ltr'><strong>adolescens</strong></span> 
     </span>
     <span class='ocr_line' id='line_1_5' title="bbox 211 786 1161 870; baseline 0.005 -24"><span class='ocrx_word' id='word_1_21' title='bbox 211 786 388 862; x_wconf 90' lang='lat' dir='ltr'>incitatus,</span> <span class='ocrx_word' id='word_1_22' title='bbox 412 794 523 848; x_wconf 89' lang='lat' dir='ltr'>matre</span> <span class='ocrx_word' id='word_1_23' title='bbox 554 787 588 848; x_wconf 92' lang='lat' dir='ltr'>id</span> <span class='ocrx_word' id='word_1_24' title='bbox 614 789 765 851; x_wconf 79' lang='lat' dir='ltr'><strong>maxime</strong></span> <span class='ocrx_word' id='word_1_25' title='bbox 796 788 1037 870; x_wconf 82' lang='lat' dir='ltr'>persuadente,</span> <span class='ocrx_word' id='word_1_26' title='bbox 1060 807 1161 851; x_wconf 91' lang='lat' dir='ltr'>secu-</span> 
     </span>
     <span class='ocr_line' id='line_1_6' title="bbox 211 883 1159 966; baseline 0.006 -22"><span class='ocrx_word' id='word_1_27' title='bbox 211 883 283 945; x_wconf 92' lang='lat' dir='ltr'>lum</span> <span class='ocrx_word' id='word_1_28' title='bbox 311 885 463 965; x_wconf 92' lang='lat' dir='ltr'>reliquit,</span> <span class='ocrx_word' id='word_1_29' title='bbox 481 892 586 966; x_wconf 92' lang='lat' dir='ltr'>atque</span> <span class='ocrx_word' id='word_1_30' title='bbox 608 885 644 947; x_wconf 91' lang='lat' dir='ltr'>in</span> <span class='ocrx_word' id='word_1_31' title='bbox 661 886 780 962; x_wconf 13' lang='lat' dir='ltr'>enodem</span> <span class='ocrx_word' id='word_1_32' title='bbox 799 887 1024 966; x_wconf 85' lang='lat' dir='ltr'>Wigornensi</span> <span class='ocrx_word' id='word_1_33' title='bbox 1039 905 1159 950; x_wconf 87' lang='lat' dir='ltr'>mona·</span> 
     </span>
     <span class='ocr_line' id='line_1_7' title="bbox 212 983 1159 1064; baseline 0.004 -21"><span class='ocrx_word' id='word_1_34' title='bbox 212 983 330 1058; x_wconf 91' lang='lat' dir='ltr'>sterio,</span> <span class='ocrx_word' id='word_1_35' title='bbox 358 1002 428 1064; x_wconf 93' lang='lat' dir='ltr'>quo</span> <span class='ocrx_word' id='word_1_36' title='bbox 460 991 495 1045; x_wconf 89' lang='lat' dir='ltr'>et</span> <span class='ocrx_word' id='word_1_37' title='bbox 519 990 599 1046; x_wconf 89' lang='lat' dir='ltr'>aute</span> <span class='ocrx_word' id='word_1_38' title='bbox 633 991 734 1063; x_wconf 89' lang='lat' dir='ltr'>pater</span> <span class='ocrx_word' id='word_1_39' title='bbox 764 1002 848 1045; x_wconf 90' lang='lat' dir='ltr'>suus</span> <span class='ocrx_word' id='word_1_40' title='bbox 876 983 953 1047; x_wconf 91' lang='lat' dir='ltr'>Deo</span> <span class='ocrx_word' id='word_1_41' title='bbox 982 985 1159 1060; x_wconf 86' lang='lat' dir='ltr'>servierat,</span> 
     </span>
     <span class='ocr_line' id='line_1_8' title="bbox 212 1080 1170 1146; baseline 0.004 -5"><span class='ocrx_word' id='word_1_42' title='bbox 212 1080 450 1144; x_wconf 91' lang='lat' dir='ltr'>monachicum</span> <span class='ocrx_word' id='word_1_43' title='bbox 482 1081 637 1144; x_wconf 91' lang='lat' dir='ltr'>habitum</span> <span class='ocrx_word' id='word_1_44' title='bbox 670 1090 705 1146; x_wconf 90' lang='lat' dir='ltr'>et</span> <span class='ocrx_word' id='word_1_45' title='bbox 737 1082 889 1145; x_wconf 80' lang='lat' dir='ltr'>ordinem</span> <span class='ocrx_word' id='word_1_46' title='bbox 922 1101 943 1143; x_wconf 95' lang='lat' dir='ltr'>a</span> <span class='ocrx_word' id='word_1_47' title='bbox 973 1082 1170 1146; x_wconf 87' lang='lat' dir='ltr'>venerabili.</span> 
     </span>
     <span class='ocr_line' id='line_1_9' title="bbox 213 1178 1157 1261; baseline 0.002 -21"><span class='ocrx_word' id='word_1_48' title='bbox 213 1178 415 1259; x_wconf 83' lang='lat' dir='ltr'>Brihteago,</span> <span class='ocrx_word' id='word_1_49' title='bbox 438 1179 592 1261; x_wconf 93' lang='lat' dir='ltr'>ejusdem</span> <span class='ocrx_word' id='word_1_50' title='bbox 617 1180 772 1243; x_wconf 71' lang='lat' dir='ltr'>ecclesia&gt;</span> <span class='ocrx_word' id='word_1_51' title='bbox 796 1179 971 1261; x_wconf 89' lang='lat' dir='ltr'>episcopo,</span> <span class='ocrx_word' id='word_1_52' title='bbox 987 1181 1157 1261; x_wconf 89' lang='lat' dir='ltr'>suscepit;</span> 
     </span>
     <span class='ocr_line' id='line_1_10' title="bbox 215 1277 1159 1358; baseline 0.001 -20"><span class='ocrx_word' id='word_1_53' title='bbox 215 1295 236 1338; x_wconf 93' lang='lat' dir='ltr'>a</span> <span class='ocrx_word' id='word_1_54' title='bbox 262 1295 330 1357; x_wconf 90' lang='lat' dir='ltr'>quo</span> <span class='ocrx_word' id='word_1_55' title='bbox 358 1277 462 1339; x_wconf 90' lang='lat' dir='ltr'>etiam</span> <span class='ocrx_word' id='word_1_56' title='bbox 490 1278 525 1339; x_wconf 90' lang='lat' dir='ltr'>in</span> <span class='ocrx_word' id='word_1_57' title='bbox 550 1278 696 1358; x_wconf 80' lang='lat' dir='ltr'>gradum</span> <span class='ocrx_word' id='word_1_58' title='bbox 724 1286 796 1341; x_wconf 92' lang='lat' dir='ltr'>tam</span> <span class='ocrx_word' id='word_1_59' title='bbox 824 1278 1027 1341; x_wconf 87' lang='lat' dir='ltr'>diaconatus</span> <span class='ocrx_word' id='word_1_60' title='bbox 1055 1297 1159 1358; x_wconf 92' lang='lat' dir='ltr'>quam</span> 
     </span>
     <span class='ocr_line' id='line_1_11' title="bbox 169 1375 1160 1456; baseline 0.002 -21"><span class='ocrx_word' id='word_1_61' title='bbox 169 1401 179 1420; x_wconf 88' lang='lat'><strong>·</strong></span> <span class='ocrx_word' id='word_1_62' title='bbox 213 1376 474 1456; x_wconf 87' lang='lat' dir='ltr'>presbyteratus</span> <span class='ocrx_word' id='word_1_63' title='bbox 505 1376 683 1438; x_wconf 87' lang='lat' dir='ltr'>ordinatus</span> <span class='ocrx_word' id='word_1_64' title='bbox 711 1383 784 1452; x_wconf 82' lang='lat' dir='ltr'>est3</span> <span class='ocrx_word' id='word_1_65' title='bbox 808 1375 993 1455; x_wconf 90' lang='lat' dir='ltr'>statimque</span> <span class='ocrx_word' id='word_1_66' title='bbox 1019 1376 1054 1437; x_wconf 92' lang='lat' dir='ltr'>in</span> <span class='ocrx_word' id='word_1_67' title='bbox 1083 1376 1160 1455; x_wconf 91' lang='lat' dir='ltr'>ipso</span> 
     </span>
     <span class='ocr_line' id='line_1_12' title="bbox 214 1473 1160 1554; baseline 0 -20"><span class='ocrx_word' id='word_1_68' title='bbox 214 1473 311 1536; x_wconf 90' lang='lat' dir='ltr'>initio</span> <span class='ocrx_word' id='word_1_69' title='bbox 327 1473 470 1535; x_wconf 89' lang='lat' dir='ltr'>arduam</span> <span class='ocrx_word' id='word_1_70' title='bbox 488 1480 522 1536; x_wconf 89' lang='lat' dir='ltr'>et</span> <span class='ocrx_word' id='word_1_71' title='bbox 539 1474 632 1536; x_wconf 90' lang='lat' dir='ltr'>omni</span> <span class='ocrx_word' id='word_1_72' title='bbox 654 1473 882 1553; x_wconf 83' lang='lat' dir='ltr'>religiositate</span> <span class='ocrx_word' id='word_1_73' title='bbox 897 1474 1034 1554; x_wconf 88' lang='lat' dir='ltr'>plenam</span> <span class='ocrx_word' id='word_1_74' title='bbox 1051 1474 1160 1535; x_wconf 89' lang='lat' dir='ltr'>vitam</span> 
     </span>
     <span class='ocr_line' id='line_1_13' title="bbox 215 1572 1160 1655; baseline 0.001 -22"><span class='ocrx_word' id='word_1_75' title='bbox 215 1573 394 1653; x_wconf 86' lang='lat' dir='ltr'>arripiens,</span> <span class='ocrx_word' id='word_1_76' title='bbox 419 1573 454 1634; x_wconf 92' lang='lat' dir='ltr'>in</span> <span class='ocrx_word' id='word_1_77' title='bbox 477 1573 616 1651; x_wconf 79' lang='lat' dir='ltr'>vigiliis,</span> <span class='ocrx_word' id='word_1_78' title='bbox 636 1572 793 1655; x_wconf 89' lang='lat' dir='ltr'>jejuniis,</span> <span class='ocrx_word' id='word_1_79' title='bbox 810 1573 1033 1647; x_wconf 68' lang='lat' dir='ltr'>orationibus</span> <span class='ocrx_word' id='word_1_80' title='bbox 1051 1573 1160 1634; x_wconf 88' lang='lat' dir='ltr'>omni-</span> 
     </span>
     <span class='ocr_line' id='line_1_14' title="bbox 215 1669 1160 1749; baseline -0.001 -18"><span class='ocrx_word' id='word_1_81' title='bbox 215 1689 283 1749; x_wconf 91' lang='lat' dir='ltr'>que</span> <span class='ocrx_word' id='word_1_82' title='bbox 307 1671 473 1732; x_wconf 92' lang='lat' dir='ltr'>virtutum</span> <span class='ocrx_word' id='word_1_83' title='bbox 496 1688 633 1749; x_wconf 75' lang='lat' dir='ltr'>genere,</span> <span class='ocrx_word' id='word_1_84' title='bbox 662 1671 778 1732; x_wconf 90' lang='lat' dir='ltr'>subito</span> <span class='ocrx_word' id='word_1_85' title='bbox 801 1669 1021 1730; x_wconf 86' lang='lat' dir='ltr'>admirandus</span> <span class='ocrx_word' id='word_1_86' title='bbox 1052 1688 1160 1748; x_wconf 89' lang='lat' dir='ltr'>appa·</span> 
     </span>
     <span class='ocr_line' id='line_1_15' title="bbox 216 1765 1160 1846; baseline 0.001 -19"><span class='ocrx_word' id='word_1_87' title='bbox 216 1767 295 1829; x_wconf 92' lang='lat' dir='ltr'>ruit.</span> <span class='ocrx_word' id='word_1_88' title='bbox 348 1765 455 1841; x_wconf 93' lang='lat' dir='ltr'>Hinc,</span> <span class='ocrx_word' id='word_1_89' title='bbox 477 1768 520 1828; x_wconf 94' lang='lat' dir='ltr'>ob</span> <span class='ocrx_word' id='word_1_90' title='bbox 544 1785 678 1830; x_wconf 89' lang='lat' dir='ltr'>morum</span> <span class='ocrx_word' id='word_1_91' title='bbox 707 1766 935 1845; x_wconf 89' lang='lat' dir='ltr'>disciplinam,</span> <span class='ocrx_word' id='word_1_92' title='bbox 956 1766 1066 1846; x_wconf 92' lang='lat' dir='ltr'>primo</span> <span class='ocrx_word' id='word_1_93' title='bbox 1086 1785 1160 1828; x_wconf 91' lang='lat' dir='ltr'>ma-</span> 
     </span>
     <span class='ocr_line' id='line_1_16' title="bbox 214 1862 1159 1945; baseline -0.001 -18"><span class='ocrx_word' id='word_1_94' title='bbox 214 1865 323 1945; x_wconf 80' lang='lat' dir='ltr'>gister</span> <span class='ocrx_word' id='word_1_95' title='bbox 336 1873 373 1927; x_wconf 90' lang='lat' dir='ltr'>et</span> <span class='ocrx_word' id='word_1_96' title='bbox 387 1872 505 1927; x_wconf 91' lang='lat' dir='ltr'>custos</span> <span class='ocrx_word' id='word_1_97' title='bbox 521 1864 692 1927; x_wconf 82' lang='lat' dir='ltr'>infantum</span> <span class='ocrx_word' id='word_1_98' title='bbox 707 1863 908 1944; x_wconf 89' lang='lat' dir='ltr'>aliquandiu</span> <span class='ocrx_word' id='word_1_99' title='bbox 921 1862 1159 1940; x_wconf 90' lang='lat' dir='ltr'>constituitur;</span> 
     </span>
     <span class='ocr_line' id='line_1_17' title="bbox 214 1961 1161 2038; baseline -0.001 -13"><span class='ocrx_word' id='word_1_100' title='bbox 214 1963 349 2036; x_wconf 91' lang='lat' dir='ltr'>deinde,</span> <span class='ocrx_word' id='word_1_101' title='bbox 378 1965 422 2026; x_wconf 93' lang='lat' dir='ltr'>ob</span> <span class='ocrx_word' id='word_1_102' title='bbox 448 1962 622 2027; x_wconf 90' lang='lat' dir='ltr'>solertiam</span> <span class='ocrx_word' id='word_1_103' title='bbox 650 1963 876 2025; x_wconf 90' lang='lat' dir='ltr'>ecclesiastici</span> <span class='ocrx_word' id='word_1_104' title='bbox 901 1961 1013 2038; x_wconf 91' lang='lat' dir='ltr'>officii,</span> <span class='ocrx_word' id='word_1_105' title='bbox 1038 1971 1161 2026; x_wconf 91' lang='lat' dir='ltr'>cantor</span> 
     </span>
     <span class='ocr_line' id='line_1_18' title="bbox 216 2059 1159 2140; baseline -0.001 -17"><span class='ocrx_word' id='word_1_106' title='bbox 216 2061 317 2123; x_wconf 92' lang='lat' dir='ltr'>simul</span> <span class='ocrx_word' id='word_1_107' title='bbox 333 2069 368 2124; x_wconf 89' lang='lat' dir='ltr'>et</span> <span class='ocrx_word' id='word_1_108' title='bbox 388 2061 624 2123; x_wconf 87' lang='lat' dir='ltr'>thesaurarius</span> <span class='ocrx_word' id='word_1_109' title='bbox 643 2059 798 2122; x_wconf 87' lang='lat' dir='ltr'>ecclesiae</span> <span class='ocrx_word' id='word_1_110' title='bbox 814 2078 857 2120; x_wconf 85' lang='lat' dir='ltr'>ex</span> <span class='ocrx_word' id='word_1_111' title='bbox 876 2068 1050 2140; x_wconf 88' lang='lat' dir='ltr'>praecepto</span> <span class='ocrx_word' id='word_1_112' title='bbox 1067 2061 1159 2122; x_wconf 88' lang='lat' dir='ltr'>seni·</span> 
     </span>
     <span class='ocr_line' id='line_1_19' title="bbox 216 2157 1159 2221; baseline 0 -1"><span class='ocrx_word' id='word_1_113' title='bbox 216 2178 314 2221; x_wconf 91' lang='lat' dir='ltr'>orum</span> <span class='ocrx_word' id='word_1_114' title='bbox 329 2158 484 2221; x_wconf 89' lang='lat' dir='ltr'>efficitur.</span> <span class='ocrx_word' id='word_1_115' title='bbox 537 2157 673 2220; x_wconf 91' lang='lat' dir='ltr'>Nactus</span> <span class='ocrx_word' id='word_1_116' title='bbox 687 2176 769 2220; x_wconf 92' lang='lat' dir='ltr'>vero</span> <span class='ocrx_word' id='word_1_117' title='bbox 785 2159 1000 2220; x_wconf 89' lang='lat' dir='ltr'>occasionem</span> <span class='ocrx_word' id='word_1_118' title='bbox 1018 2157 1159 2220; x_wconf 87' lang='lat' dir='ltr'>liberius</span> 
     </span>
     <span class='ocr_line' id='line_1_20' title="bbox 217 2255 1159 2319; baseline -0.001 0"><span class='ocrx_word' id='word_1_119' title='bbox 217 2257 293 2319; x_wconf 89' lang='lat' dir='ltr'>Deo</span> <span class='ocrx_word' id='word_1_120' title='bbox 315 2256 486 2318; x_wconf 87' lang='lat' dir='ltr'>serviendi</span> <span class='ocrx_word' id='word_1_121' title='bbox 510 2273 555 2317; x_wconf 83' lang='lat' dir='ltr'>ex</span> <span class='ocrx_word' id='word_1_122' title='bbox 578 2255 761 2317; x_wconf 91' lang='lat' dir='ltr'>commissa</span> <span class='ocrx_word' id='word_1_123' title='bbox 783 2255 848 2319; x_wconf 89' lang='lat' dir='ltr'>sibi</span> <span class='ocrx_word' id='word_1_124' title='bbox 871 2255 1028 2318; x_wconf 89' lang='lat' dir='ltr'>custodia</span> <span class='ocrx_word' id='word_1_125' title='bbox 1049 2256 1159 2319; x_wconf 92' lang='lat' dir='ltr'>eccle·</span> 
     </span>
     <span class='ocr_line' id='line_1_21' title="bbox 217 2353 1161 2435; baseline -0.001 -19"><span class='ocrx_word' id='word_1_126' title='bbox 217 2354 289 2428; x_wconf 86' lang='lat' dir='ltr'>siae,</span> <span class='ocrx_word' id='word_1_127' title='bbox 321 2360 433 2416; x_wconf 93' lang='lat' dir='ltr'>totum</span> <span class='ocrx_word' id='word_1_128' title='bbox 464 2373 501 2416; x_wconf 88' lang='lat' dir='ltr'>se</span> <span class='ocrx_word' id='word_1_129' title='bbox 534 2353 812 2435; x_wconf 86' lang='lat' dir='ltr'>contemplativae</span> <span class='ocrx_word' id='word_1_130' title='bbox 851 2353 935 2416; x_wconf 87' lang='lat' dir='ltr'>vitae</span> <span class='ocrx_word' id='word_1_131' title='bbox 966 2354 1072 2430; x_wconf 90' lang='lat' dir='ltr'>dedit,</span> <span class='ocrx_word' id='word_1_132' title='bbox 1105 2353 1161 2415; x_wconf 90' lang='lat' dir='ltr'>dle</span> 
     </span>
     <span class='ocr_line' id='line_1_22' title="bbox 214 2451 1161 2533; baseline 0 -20"><span class='ocrx_word' id='word_1_133' title='bbox 214 2459 389 2533; x_wconf 88' lang='lat' dir='ltr'>noctuque</span> <span class='ocrx_word' id='word_1_134' title='bbox 416 2452 452 2514; x_wconf 92' lang='lat' dir='ltr'>in</span> <span class='ocrx_word' id='word_1_135' title='bbox 477 2470 518 2514; x_wconf 93' lang='lat' dir='ltr'>ea</span> <span class='ocrx_word' id='word_1_136' title='bbox 544 2459 605 2513; x_wconf 93' lang='lat' dir='ltr'>aut</span> <span class='ocrx_word' id='word_1_137' title='bbox 629 2452 778 2515; x_wconf 90' lang='lat' dir='ltr'>orationi</span> <span class='ocrx_word' id='word_1_138' title='bbox 801 2458 863 2514; x_wconf 88' lang='lat' dir='ltr'>aut</span> <span class='ocrx_word' id='word_1_139' title='bbox 879 2451 1004 2514; x_wconf 88' lang='lat' dir='ltr'>divinae</span> <span class='ocrx_word' id='word_1_140' title='bbox 1022 2451 1161 2514; x_wconf 89' lang='lat' dir='ltr'>lectioni</span> 
     </span>
     <span class='ocr_line' id='line_1_23' title="bbox 215 2549 1161 2633; baseline -0.001 -21"><span class='ocrx_word' id='word_1_141' title='bbox 215 2550 390 2626; x_wconf 85' lang='lat' dir='ltr'>insistens,</span> <span class='ocrx_word' id='word_1_142' title='bbox 405 2549 501 2612; x_wconf 92' lang='lat' dir='ltr'>bidui</span> <span class='ocrx_word' id='word_1_143' title='bbox 524 2549 697 2630; x_wconf 89' lang='lat' dir='ltr'>triduique</span> <span class='ocrx_word' id='word_1_144' title='bbox 717 2550 854 2633; x_wconf 90' lang='lat' dir='ltr'>jejunio</span> <span class='ocrx_word' id='word_1_145' title='bbox 877 2549 1013 2613; x_wconf 89' lang='lat' dir='ltr'>assidue</span> <span class='ocrx_word' id='word_1_146' title='bbox 1034 2568 1161 2630; x_wconf 92' lang='lat' dir='ltr'>corpus</span> 
     </span>
     <span class='ocr_line' id='line_1_24' title="bbox 130 2648 1162 2728; baseline -0.002 -17"><span class='ocrx_word' id='word_1_147' title='bbox 130 2706 132 2711; x_wconf 81' lang='grc'>,</span> <span class='ocrx_word' id='word_1_148' title='bbox 215 2666 413 2725; x_wconf 84' lang='lat' dir='ltr'>macerans3</span> <span class='ocrx_word' id='word_1_149' title='bbox 440 2648 548 2711; x_wconf 89' lang='lat' dir='ltr'>sacris</span> <span class='ocrx_word' id='word_1_150' title='bbox 574 2648 702 2728; x_wconf 85' lang='lat' dir='ltr'>vigiliis</span> <span class='ocrx_word' id='word_1_151' title='bbox 728 2649 923 2711; x_wconf 91' lang='lat' dir='ltr'>intantum</span> <span class='ocrx_word' id='word_1_152' title='bbox 950 2648 1097 2723; x_wconf 90' lang='lat' dir='ltr'>deditus,</span> <span class='ocrx_word' id='word_1_153' title='bbox 1121 2657 1162 2710; x_wconf 93' lang='lat' dir='ltr'>ut</span> 
     </span>
     <span class='ocr_line' id='line_1_25' title="bbox 209 2738 1162 2826; baseline -0.002 -18"><span class='ocrx_word' id='word_1_154' title='bbox 209 2738 283 2808; x_wconf 51' lang='lat' dir='ltr'>¹non</span> <span class='ocrx_word' id='word_1_155' title='bbox 301 2745 404 2807; x_wconf 92' lang='lat' dir='ltr'>modo</span> <span class='ocrx_word' id='word_1_156' title='bbox 423 2753 570 2820; x_wconf 87' lang='lat' dir='ltr'>noctem,</span> <span class='ocrx_word' id='word_1_157' title='bbox 590 2745 651 2807; x_wconf 90' lang='lat' dir='ltr'>sed</span> <span class='ocrx_word' id='word_1_158' title='bbox 675 2746 778 2808; x_wconf 90' lang='lat' dir='ltr'>etiam</span> <span class='ocrx_word' id='word_1_159' title='bbox 800 2764 956 2826; x_wconf 88' lang='lat' dir='ltr'>persaepe</span> <span class='ocrx_word' id='word_1_160' title='bbox 970 2745 1061 2808; x_wconf 89' lang='lat' dir='ltr'>diem</span> <span class='ocrx_word' id='word_1_161' title='bbox 1083 2763 1162 2806; x_wconf 91' lang='lat' dir='ltr'>cum</span> 
     </span>
     <span class='ocr_line' id='line_1_26' title="bbox 213 2842 1163 2924; baseline -0.001 -19"><span class='ocrx_word' id='word_1_162' title='bbox 213 2851 315 2907; x_wconf 91' lang='lat' dir='ltr'>nocte</span> <span class='ocrx_word' id='word_1_163' title='bbox 329 2843 527 2924; x_wconf 89' lang='lat' dir='ltr'>aliquando,</span> <span class='ocrx_word' id='word_1_164' title='bbox 543 2843 636 2924; x_wconf 90' lang='lat' dir='ltr'>quod</span> <span class='ocrx_word' id='word_1_165' title='bbox 663 2862 685 2905; x_wconf 91' lang='lat' dir='ltr'>a</span> <span class='ocrx_word' id='word_1_166' title='bbox 705 2843 804 2905; x_wconf 91' lang='lat' dir='ltr'>nobis</span> <span class='ocrx_word' id='word_1_167' title='bbox 824 2844 885 2906; x_wconf 83' lang='lat' dir='ltr'>vix</span> <span class='ocrx_word' id='word_1_168' title='bbox 907 2842 1114 2918; x_wconf 90' lang='lat' dir='ltr'>crederetur,</span> <span class='ocrx_word' id='word_1_169' title='bbox 1131 2842 1163 2904; x_wconf 90' lang='lat' dir='ltr'>si</span> 
     </span>
     <span class='ocr_line' id='line_1_27' title="bbox 213 2940 1161 3022; baseline 0 -19"><span class='ocrx_word' id='word_1_170' title='bbox 213 2961 283 3004; x_wconf 92' lang='lat' dir='ltr'>non</span> <span class='ocrx_word' id='word_1_171' title='bbox 305 2942 349 3003; x_wconf 90' lang='lat' dir='ltr'>ab</span> <span class='ocrx_word' id='word_1_172' title='bbox 370 2942 479 3021; x_wconf 88' lang='lat' dir='ltr'>ipsius</span> <span class='ocrx_word' id='word_1_173' title='bbox 502 2959 561 3003; x_wconf 87' lang='lat' dir='ltr'>ore</span> <span class='ocrx_word' id='word_1_174' title='bbox 584 2940 650 3003; x_wconf 91' lang='lat' dir='ltr'>hoc</span> <span class='ocrx_word' id='word_1_175' title='bbox 676 2940 904 3017; x_wconf 88' lang='lat' dir='ltr'>audissemus,</span> <span class='ocrx_word' id='word_1_176' title='bbox 920 2949 1072 3022; x_wconf 90' lang='lat' dir='ltr'>quatuor</span> <span class='ocrx_word' id='word_1_177' title='bbox 1087 2940 1161 3003; x_wconf 88' lang='lat' dir='ltr'>dies</span> 
     </span>
     <span class='ocr_line' id='line_1_28' title="bbox 214 3027 1162 3118; baseline -0.002 -15"><span class='ocrx_word' id='word_1_178' title='bbox 214 3059 293 3103; x_wconf 93' lang='lat' dir='ltr'>cum</span> <span class='ocrx_word' id='word_1_179' title='bbox 307 3040 466 3102; x_wconf 90' lang='lat' dir='ltr'>noctibus</span> <span class='ocrx_word' id='word_1_180' title='bbox 487 3027 618 3118; x_wconf 87' lang='lat' dir='ltr'>absque</span> <span class='ocrx_word' id='word_1_181' title='bbox 643 3057 763 3100; x_wconf 92' lang='lat' dir='ltr'>somno</span> <span class='ocrx_word' id='word_1_182' title='bbox 787 3038 995 3118; x_wconf 86' lang='lat' dir='ltr'>transigens,</span> <span class='ocrx_word' id='word_1_183' title='bbox 1012 3039 1082 3101; x_wconf 89' lang='lat' dir='ltr'>fere</span> <span class='ocrx_word' id='word_1_184' title='bbox 1099 3057 1162 3101; x_wconf 84' lang='lat' dir='ltr'>ex·</span> 
     </span>
     <span class='ocr_line' id='line_1_29' title="bbox 212 3136 1242 3217; baseline -0.002 -17"><span class='ocrx_word' id='word_1_185' title='bbox 212 3139 342 3200; x_wconf 92' lang='lat' dir='ltr'>siccato</span> <span class='ocrx_word' id='word_1_186' title='bbox 363 3138 502 3199; x_wconf 90' lang='lat' dir='ltr'>cerebro</span> <span class='ocrx_word' id='word_1_187' title='bbox 517 3136 708 3217; x_wconf 92' lang='lat' dir='ltr'>periculum</span> <span class='ocrx_word' id='word_1_188' title='bbox 733 3136 933 3211; x_wconf 91' lang='lat' dir='ltr'>incurreret,</span> <span class='ocrx_word' id='word_1_189' title='bbox 950 3136 1016 3198; x_wconf 86' lang='lat' dir='ltr'>nisi</span> <span class='ocrx_word' id='word_1_190' title='bbox 1036 3155 1162 3217; x_wconf 90' lang='lat' dir='ltr'>sopore</span> <span class='ocrx_word' id='word_1_191' title='bbox 1238 3137 1242 3147; x_wconf 88' lang='lat'>&#39;</span> 
     </span>
     <span class='ocr_line' id='line_1_30' title="bbox 213 3234 1160 3317; baseline 0 -21"><span class='ocrx_word' id='word_1_192' title='bbox 213 3236 394 3317; x_wconf 88' lang='lat' dir='ltr'>praelibato</span> <span class='ocrx_word' id='word_1_193' title='bbox 429 3242 562 3298; x_wconf 90' lang='lat' dir='ltr'>naturae</span> <span class='ocrx_word' id='word_1_194' title='bbox 593 3234 794 3297; x_wconf 82' lang='lat' dir='ltr'>satisfacere</span> <span class='ocrx_word' id='word_1_195' title='bbox 825 3242 1027 3297; x_wconf 90' lang='lat' dir='ltr'>maturaret.</span> <span class='ocrx_word' id='word_1_196' title='bbox 1088 3235 1160 3296; x_wconf 91' lang='lat' dir='ltr'>De·</span> 
     </span>
     <span class='ocr_line' id='line_1_31' title="bbox 214 3332 1160 3415; baseline -0.004 -19"><span class='ocrx_word' id='word_1_197' title='bbox 214 3335 318 3415; x_wconf 93' lang='lat' dir='ltr'>nique</span> <span class='ocrx_word' id='word_1_198' title='bbox 341 3340 377 3396; x_wconf 89' lang='lat' dir='ltr'>et</span> <span class='ocrx_word' id='word_1_199' title='bbox 400 3352 477 3395; x_wconf 92' lang='lat' dir='ltr'>eum</span> <span class='ocrx_word' id='word_1_200' title='bbox 499 3334 534 3395; x_wconf 85' lang='lat' dir='ltr'>vi</span> <span class='ocrx_word' id='word_1_201' title='bbox 560 3340 695 3395; x_wconf 88' lang='lat' dir='ltr'>naturae</span> <span class='ocrx_word' id='word_1_202' title='bbox 711 3333 860 3395; x_wconf 89' lang='lat' dir='ltr'>dormire</span> <span class='ocrx_word' id='word_1_203' title='bbox 886 3332 1160 3412; x_wconf 88' lang='lat' dir='ltr'>compelleretur,</span> 
     </span>
     <span class='ocr_line' id='line_1_32' title="bbox 214 3430 1160 3510; baseline -0.003 -17"><span class='ocrx_word' id='word_1_204' title='bbox 214 3452 283 3494; x_wconf 92' lang='lat' dir='ltr'>non</span> <span class='ocrx_word' id='word_1_205' title='bbox 305 3432 395 3494; x_wconf 89' lang='lat' dir='ltr'>lecto</span> <span class='ocrx_word' id='word_1_206' title='bbox 419 3438 480 3494; x_wconf 91' lang='lat' dir='ltr'>aut</span> <span class='ocrx_word' id='word_1_207' title='bbox 503 3431 734 3493; x_wconf 87' lang='lat' dir='ltr'>lectosterniis</span> <span class='ocrx_word' id='word_1_208' title='bbox 751 3431 904 3493; x_wconf 89' lang='lat' dir='ltr'>membra</span> <span class='ocrx_word' id='word_1_209' title='bbox 931 3430 974 3492; x_wconf 94' lang='lat' dir='ltr'>ad</span> <span class='ocrx_word' id='word_1_210' title='bbox 1001 3448 1160 3510; x_wconf 90' lang='lat' dir='ltr'>soporem</span> 
     </span>
     <span class='ocr_line' id='line_1_33' title="bbox 214 3527 1159 3610; baseline -0.003 -18"><span class='ocrx_word' id='word_1_211' title='bbox 214 3531 367 3605; x_wconf 86' lang='lat' dir='ltr'>fovebat,</span> <span class='ocrx_word' id='word_1_212' title='bbox 393 3529 453 3591; x_wconf 93' lang='lat' dir='ltr'>sed</span> <span class='ocrx_word' id='word_1_213' title='bbox 482 3549 587 3610; x_wconf 90' lang='lat' dir='ltr'>super</span> <span class='ocrx_word' id='word_1_214' title='bbox 612 3528 754 3610; x_wconf 93' lang='lat' dir='ltr'>aliquod</span> <span class='ocrx_word' id='word_1_215' title='bbox 784 3547 962 3591; x_wconf 91' lang='lat' dir='ltr'>scamnum</span> <span class='ocrx_word' id='word_1_216' title='bbox 992 3527 1159 3602; x_wconf 88' lang='lat' dir='ltr'>ecclesiae,</span> 
     </span>
     <span class='ocr_line' id='line_1_34' title="bbox 213 3627 1158 3708; baseline -0.006 -18"><span class='ocrx_word' id='word_1_217' title='bbox 213 3629 301 3690; x_wconf 90' lang='lat' dir='ltr'>libro</span> <span class='ocrx_word' id='word_1_218' title='bbox 318 3628 354 3689; x_wconf 91' lang='lat' dir='ltr'>in</span> <span class='ocrx_word' id='word_1_219' title='bbox 368 3646 437 3708; x_wconf 95' lang='lat' dir='ltr'>quo</span> <span class='ocrx_word' id='word_1_220' title='bbox 453 3629 574 3690; x_wconf 90' lang='lat' dir='ltr'>orabat</span> <span class='ocrx_word' id='word_1_221' title='bbox 588 3628 663 3690; x_wconf 90' lang='lat' dir='ltr'>sive</span> <span class='ocrx_word' id='word_1_222' title='bbox 676 3627 813 3708; x_wconf 82' lang='lat' dir='ltr'>legebat</span> <span class='ocrx_word' id='word_1_223' title='bbox 827 3633 933 3706; x_wconf 90' lang='lat' dir='ltr'>caput</span> <span class='ocrx_word' id='word_1_224' title='bbox 946 3633 1158 3699; x_wconf 90' lang='lat' dir='ltr'>sustentans,</span> 
     </span>
     <span class='ocr_line' id='line_1_35' title="bbox 213 3721 1158 3808; baseline -0.004 -20"><span class='ocrx_word' id='word_1_225' title='bbox 213 3725 390 3808; x_wconf 89' lang='lat' dir='ltr'>paulisper</span> <span class='ocrx_word' id='word_1_226' title='bbox 423 3743 460 3786; x_wconf 89' lang='lat' dir='ltr'>se</span> <span class='ocrx_word' id='word_1_227' title='bbox 490 3725 690 3788; x_wconf 90' lang='lat' dir='ltr'>reclinabat.</span> <span class='ocrx_word' id='word_1_228' title='bbox 742 3723 838 3786; x_wconf 89' lang='lat' dir='ltr'>·Post</span> <span class='ocrx_word' id='word_1_229' title='bbox 869 3721 1009 3803; x_wconf 94' lang='lat' dir='ltr'>aliquod</span> <span class='ocrx_word' id='word_1_230' title='bbox 1042 3729 1158 3784; x_wconf 90' lang='lat' dir='ltr'>autem</span> 
     </span>
     <span class='ocr_line' id='line_1_36' title="bbox 213 3820 1157 3904; baseline -0.005 -18"><span class='ocrx_word' id='word_1_231' title='bbox 213 3833 361 3904; x_wconf 82' lang='lat' dir='ltr'>tempuS,</span> <span class='ocrx_word' id='word_1_232' title='bbox 394 3823 556 3885; x_wconf 78' lang='lat' dir='ltr'>defuncto</span> <span class='ocrx_word' id='word_1_233' title='bbox 589 3821 770 3901; x_wconf 81' lang='lat' dir='ltr'>Agelwino</span> <span class='ocrx_word' id='word_1_234' title='bbox 805 3821 918 3901; x_wconf 88' lang='lat' dir='ltr'>priore</span> <span class='ocrx_word' id='word_1_235' title='bbox 947 3820 1157 3894; x_wconf 89' lang='lat' dir='ltr'>monasterii,</span> 
     </span>
     <span class='ocr_line' id='line_1_37' title="bbox 212 3918 1159 4004; baseline -0.005 -20"><span class='ocrx_word' id='word_1_236' title='bbox 212 3924 287 4004; x_wconf 88' lang='lat' dir='ltr'>ipse</span> <span class='ocrx_word' id='word_1_237' title='bbox 302 3922 355 3982; x_wconf 93' lang='lat' dir='ltr'>vir</span> <span class='ocrx_word' id='word_1_238' title='bbox 370 3921 576 3983; x_wconf 90' lang='lat' dir='ltr'>reverendus</span> <span class='ocrx_word' id='word_1_239' title='bbox 594 3920 688 4000; x_wconf 89' lang='lat' dir='ltr'>prior</span> <span class='ocrx_word' id='word_1_240' title='bbox 708 3929 741 3982; x_wconf 90' lang='lat' dir='ltr'>et</span> <span class='ocrx_word' id='word_1_241' title='bbox 764 3927 863 4000; x_wconf 89' lang='lat' dir='ltr'>pater</span> <span class='ocrx_word' id='word_1_242' title='bbox 881 3918 1159 3998; x_wconf 79' lang='lat' dir='ltr'>congregationis</span> 
     </span>
     <span class='ocr_line' id='line_1_38' title="bbox 213 4016 1160 4100; baseline -0.007 -16"><span class='ocrx_word' id='word_1_243' title='bbox 213 4023 257 4084; x_wconf 87' lang='lat' dir='ltr'>ab</span> <span class='ocrx_word' id='word_1_244' title='bbox 273 4019 425 4084; x_wconf 89' lang='lat' dir='ltr'>Aldredo</span> <span class='ocrx_word' id='word_1_245' title='bbox 444 4019 771 4100; x_wconf 90' lang='lat' dir='ltr'>episcopoponitur;</span> <span class='ocrx_word' id='word_1_246' title='bbox 790 4017 882 4098; x_wconf 92' lang='lat' dir='ltr'>quod</span> <span class='ocrx_word' id='word_1_247' title='bbox 894 4016 1041 4080; x_wconf 91' lang='lat' dir='ltr'>officium</span> <span class='ocrx_word' id='word_1_248' title='bbox 1059 4016 1160 4078; x_wconf 94' lang='lat' dir='ltr'>valde</span> 
     </span>
    </p>
   </div>
   <div class='ocr_carea' id='block_1_3' title="bbox 0 0 1554 4770">
    <p class='ocr_par' dir='ltr' id='par_1_3' title="bbox 0 0 1554 4770">
     <span class='ocr_line' id='line_1_39' title="bbox 0 0 1554 4770; baseline 0 0"><span class='ocrx_word' id='word_1_249' title='bbox 0 0 1554 4770; x_wconf 95' lang='lat' dir='ltr'> </span> 
     </span>
    </p>
   </div>
  </div>
 </body>
</html>
