3098 4770
439 318 634 366 rnonnnru
660 319 944 367 w1connlsns1s.
1108 307 1175 369 155

212 473 377 552 Angliam
394 480 568 549 revectus
585 474 713 536 ostium
726 473 878 536 fluminis
895 474 1004 537 Eaxae
1020 475 1172 556 ingredi·
1185 493 1313 532 mensae.

213 580 282 648 tur,
314 580 351 634 et
373 591 456 634 mox
483 571 528 633 ad
552 572 824 652 expugnandam
847 574 966 635 urbem
987 572 1171 636 Exancea-
1185 543 1284 632 iiiiii?
1293 548 1316 581 ⁸‘

213 678 321 731 stram
338 669 535 749 egreditur3
559 668 620 730 sed
637 669 718 732 dum
734 690 871 733 murum
882 671 976 733 illius
994 670 1173 734 destruere

212 768 401 842 moliretur,
423 785 445 828 a
468 767 616 842 civibuS,
642 769 762 830 urbem
787 769 933 832 viriliter
959 769 1174 832 defendenti-

211 865 290 939 bus,
320 865 521 945 repellitur3
554 865 645 927 unde
677 867 778 928 nimis
808 876 1046 947 exasperatus,
1076 886 1173 932 more

212 961 316 1024 solito
349 963 453 1024 villas
492 962 744 1040 succendendo,
779 981 884 1043 agros
916 963 1172 1045 depopulando,

212 1058 368 1121 homines
409 1059 586 1133 caedendo,
627 1079 690 1140 per
730 1061 964 1124 Domnaniam
1006 1071 1169 1141 vagatur.

214 1155 332 1232 Quare
370 1158 661 1234 Domnanienses,
702 1167 737 1222 et
774 1159 1100 1223 Sumersetuuenses
1137 1161 1285 1222 innatant

212 1273 319 1316 unum
335 1257 551 1336 congregati,
568 1257 604 1319 in
624 1257 702 1320 loco
723 1258 783 1337 qui
800 1257 925 1319 dicitur
947 1257 1080 1331 Penho,
1098 1277 1171 1320 cer·
1186 1229 1264 1266 '’mm''

212 1358 430 1415 tamencum
456 1355 518 1415 eis.
532 1355 673 1428 ineunt;
709 1354 769 1415 sed
794 1352 914 1433 Angli,
934 1373 997 1436 pro
1022 1354 1171 1418 militum

212 1451 402 1529 paucitate,
426 1451 608 1514 Danorum
632 1451 890 1515 multitudinem
914 1472 983 1515 non
1009 1453 1171 1530 ferentes,

210 1547 331 1628 fugam
357 1557 565 1631 capessunt;
601 1550 654 1613 illi
679 1570 763 1613 vero
790 1551 901 1614 multa
929 1558 1047 1631 strage
1079 1552 1172 1614 sacta

212 1645 361 1708 victores
388 1649 556 1710 existunt.
610 1648 746 1709 Deinde
772 1649 908 1727 adeptis
929 1648 1085 1722 caballis,
1109 1667 1171 1728 per

212 1750 322 1805 totam
353 1744 424 1806 sere
454 1744 690 1806 Domnaniam
719 1744 841 1825 pejora
873 1745 1044 1824 prioribus
1078 1744 1171 1807 mala

211 1849 406 1920 gesserunt,
429 1842 635 1922 ingentique
656 1841 775 1923 praeda
799 1850 916 1923 capta,
942 1861 1049 1905 naves
1071 1862 1170 1924 repe-

211 1939 352 2004 tierunt.
387 1939 475 2003 Inde
487 1940 532 2002 ad
543 1939 693 2003 Vectam
705 1939 862 2003 Insulam
875 1959 1014 2002 cursum
1027 1940 1164 2003 direxe·
1182 1950 1229 1989 me
1239 1948 1313 1989 Μ

1181 2009 1259 2046 ravage
1267 1998 1307 2038 tho

212 2044 306 2112 runt,
322 2045 358 2106 et
372 2037 475 2101 modo
490 2039 527 2100 in
545 2056 599 2113 ea,
614 2038 718 2104 modo
736 2038 773 2098 in
796 2037 1050 2113 Suthamtonia,
1066 2037 1263 2145 1110‘10291235,

211 2135 247 2196 in
264 2135 486 2211 Dorsetania,
504 2134 602 2197 nullo
618 2135 820 2209 obsistente,
838 2134 897 2197 diu
913 2133 1024 2199 solitae
1040 2135 1169 2215 praedae
1182 2145 1319 2235 gam

211 2233 422 2308 institerunt,
446 2241 482 2296 et
499 2233 536 2295 in
555 2232 711 2296 homines
732 2230 834 2308 serto,
854 2242 891 2295 et
911 2232 948 2295 in
964 2233 1066 2295 villas
1088 2233 1170 2313 igne
1320 2221 1326 2233 ’

212 2333 344 2393 suntin
361 2338 496 2393 tantum
519 2331 682 2411 grassati,
698 2337 738 2393 ut
760 2330 924 2393 cumillis
941 2350 1004 2393 nec
1021 2330 1171 2394 classica

212 2446 335 2490 manus
367 2428 496 2505 navali,
528 2447 592 2491 nec
624 2428 794 2509 pedestris
826 2429 1000 2491 exercitus
1036 2437 1170 2492 certare

212 2525 356 2589 auderet
387 2525 513 2607 proelio
547 2525 720 2588 terrestri:
758 2525 888 2589 idcirco
922 2532 958 2588 et
990 2526 1065 2606 regi
1093 2526 1170 2590 bon

211 2642 322 2703 parva
347 2624 529 2699 moestitia,
551 2631 586 2686 et
608 2622 738 2704 populo
761 2623 945 2686 indicibilis
970 2622 1083 2687 inerat
1105 2623 1169 2687 tri·

212 2719 331 2784 stitia.¹
379 2776 384 2782 .
416 2772 422 2781 .
621 2771 624 2776 .

256 2819 338 2881 Rex
369 2817 566 2898 Anglorum
605 2817 826 2898 AEgelredus,
863 2817 982 2881 habito
1022 2816 1169 2882 consilio
1190 2829 1218 2869 Δ·
1226 2829 1254 2869 1³·
1266 2829 1325 2868 ¹⁰⁰²·

211 2935 290 2978 cum
317 2917 414 2996 regni
439 2917 495 2978 sui
524 2916 742 2997 primatibus,
769 2915 855 2978 utile
878 2915 981 2979 duxit
1007 2935 1029 2978 a
1056 2893 1334 2982 Danisdili‘iliii

211 3014 353 3076 dextras
379 3013 549 3094 accipere,
573 3013 724 3093 illisque,
748 3021 789 3075 ut
812 3031 833 3074 a
855 3012 956 3074 malis
981 3019 1169 3088 cessarent,

211 3111 421 3190 stipendium
448 3111 543 3186 dare,
570 3117 605 3173 et
632 3109 804 3190 placabile
830 3110 996 3172 tributum
1021 3109 1167 3173 solvere.

213 3208 332 3289 Hujus
351 3209 401 3270 rei
422 3209 539 3288 gratia
558 3207 632 3269 dux
652 3207 812 3270 Leofsius
833 3207 877 3268 ad
900 3226 959 3269 eos
983 3214 1037 3270 est
1054 3214 1169 3269 trans·

212 3307 351 3381 missus,
367 3307 427 3387 qui
443 3325 522 3368 cum
539 3305 704 3379 venisset,
719 3304 931 3386 stipendium
948 3312 983 3367 et
1000 3306 1168 3367 tributum

211 3412 251 3465 ut
280 3405 476 3485 acciperent
506 3403 690 3483 flagitavit.
755 3401 815 3464 Illi
848 3421 928 3465 vero
958 3402 1168 3483 legationem

212 3502 287 3582 ejus
310 3502 457 3564 libenter
480 3501 741 3582 amplectentes,
762 3485 882 3580 petitis
906 3502 1169 3581 acquieverunt,

212 3605 257 3671 et,
274 3618 336 3678 pro
350 3598 500 3661 tenenda
514 3618 614 3679 pace,
637 3606 808 3678 quantum
824 3599 944 3661 tributi
961 3599 1026 3660 sibi
1042 3597 1170 3676 depen-

211 3697 351 3758 deretur
373 3703 584 3759 statuerunt.
638 3695 715 3757 Nec
742 3696 802 3757 diu
824 3704 904 3775 post
928 3711 1036 3757 xxw.
1060 3693 1170 3756 millia

211 3795 374 3856 librarum
393 3794 461 3855 illis
477 3792 777 3873 persolvebantur.
832 3791 972 3855 Interea
988 3792 1079 3854 idern
1096 3792 1168 3854 dux
1183 3814 1306 3855 necun-

591 4011 598 4039 ¹
617 4013 678 4062 Sex.
693 4011 786 4061 Chrcn.
