3098 4770
366 308 433 371 240
736 320 946 367 onnorucou

370 495 426 550 ea,
457 454 699 555 parochiarum
724 477 799 557 jam
842 477 1027 538 divisarum
1058 474 1202 556 primam
1235 491 1323 535 con·

371 573 522 635 stituens
559 573 776 651 Hwicciam3
808 574 850 636 ad
888 592 991 654 quam
1031 572 1073 635 de
1109 569 1322 634 monasterio

372 669 460 731 Hild
479 671 664 734 abbatissae
681 671 733 735 vir
752 671 1009 733 strenuissimus
1035 689 1075 734 ec
1097 669 1322 733 doctissimus

371 767 570 830 Tatfrithus
598 768 727 853 electus
753 777 807 832 est
834 768 999 840 antistes;
1027 768 1087 831 sed
1115 767 1321 848 priusquam

371 865 522 929 ordinari
541 875 670 948 posset,
685 875 794 930 morte
810 874 1000 947 praereptus
1015 873 1068 928 est
1086 865 1285 927 immatura.

423 981 463 1027 11.
487 964 682 1028 Secundam
708 973 822 1029 antem
856 965 963 1039 illam,
988 983 1066 1045 quar
1097 963 1247 1044 pertinet
1272 961 1320 1024 ad

371 1063 610 1141 episcopatum
640 1061 937 1136 licetfeldensem,
961 1062 1016 1124 cui
1042 1061 1152 1123 virum
1179 1059 1324 1141 religio·

372 1177 447 1219 sum
465 1177 506 1221 ac
521 1159 713 1221 modestum
732 1158 951 1221 cuthwinum
969 1159 1130 1240 praefecit.

422 1272 476 1319 111.
499 1256 652 1320 Tertiam
669 1275 751 1318 vero
778 1256 1066 1319 Mediterraneam
1088 1254 1265 1337 Angliam,
1281 1256 1320 1319 in

371 1372 442 1433 qua
456 1354 644 1435 praedictus
667 1355 850 1435 episcopus
876 1353 1063 1429 Saxwllus,
1079 1354 1161 1434 quia
1179 1355 1229 1417 ita
1251 1354 1321 1417 sibi

370 1451 513 1530 placuit,
529 1453 667 1526 resedit,
683 1451 870 1533 pontificali
886 1452 1049 1514 cathedra
1064 1451 1115 1513 illi
1129 1453 1320 1515 constituta

370 1549 405 1611 in
422 1550 565 1613 civitate
583 1548 762 1631 Leogera.¹

422 1664 468 1708 ιν.
495 1648 665 1726 Quartam
691 1648 839 1730 denique
870 1648 1055 1712 Lindissim
1078 1645 1321 1730 provinciam,‘·'

369 1745 426 1807 cni
442 1748 632 1827 praeposuit
649 1747 759 1809 virum
777 1755 934 1811 sanctum
958 1746 1215 1822 AEthelwinum‚
1238 1766 1320 1826 ger·

369 1861 512 1903 manum
537 1845 650 1905 sancti
667 1842 834 1919 Aldwini,
857 1845 992 1906 abbatis
1014 1845 1212 1907 monasterii
1226 1843 1319 1924 quod

370 1937 584 2002 Partaneum
598 1947 842 2021 nuncupatum
865 1947 1021 2003 statuens
1038 1941 1068 2003 ei
1087 1940 1318 2022 episcopalem

368 2037 488 2099 sedem
504 2037 540 2099 in
557 2038 710 2113 civitate,
727 2057 805 2119 quae
821 2039 1011 2101 vocabatur
1024 2035 1209 2121 Syddena³
1314 2115 1319 2123 ι

377 2165 382 2171 -
420 2151 452 2194 v.
482 2133 648 2211 Quintam
664 2155 745 2198 vero
769 2136 949 2221 constituit
970 2134 1254 2216 suth-Angliam,
1271 2134 1318 2218 ad

369 2249 475 2310 quam
512 2231 556 2294 de
587 2232 733 2312 praefato
768 2234 977 2296 monasterio
1005 2233 1091 2296 Hild
1117 2233 1318 2309 abbatissae,

368 2328 557 2407 singularis
586 2329 699 2392 meriti
730 2337 765 2392 et
795 2331 990 2393 sanctitatis
1019 2331 1131 2393 virum
1161 2329 1319 2393 AEtlam⁴

368 2424 476 2506 elegit
493 2426 697 2500 antistitem,
713 2426 812 2507 eique
829 2427 1037 2508 praesulatus
1055 2428 1171 2490 sedem
1187 2428 1221 2489 in
1239 2427 1318 2512 loco

367 2524 428 2603 qui
446 2530 592 2587 vocatur
617 2523 852 2587 Dorkacestre
877 2525 1068 2588 constituit.
1121 2525 1231 2587 Porro
1253 2544 1318 2605 pro

367 2619 546 2684 Tatsritho
574 2622 776 2685 venerabilis
793 2623 847 2684 vir
868 2621 973 2685 Bosel
1001 2621 1141 2698 electus,
1169 2621 1317 2702 abipso

368 2718 554 2782 Theodoro
569 2720 658 2783 sicut
676 2729 712 2783 et
726 2721 842 2783 caeteri
858 2720 1037 2783 ordinatus
1051 2729 1105 2783 est
1120 2720 1318 2801 episeopus,

368 2814 499 2879 habens
529 2817 758 2899 episcopalem
785 2818 903 2880 sedem
924 2818 960 2878 in
986 2818 1152 2899 praedicta
1176 2818 1319 2881 civitate

367 2913 551 2994 Wigorna,
566 2935 642 2995 quae
661 2923 744 2977 tunc
769 2916 933 2996 temporis
950 2915 1029 2977 altis
1046 2916 1153 2977 muris
1170 2924 1211 2998 ‘et
1232 2934 1320 2978 moe·

367 3013 469 3074 nibus
486 3011 614 3093 pulcris
631 3013 806 3086 decorata,
824 3011 941 3074 multis
958 3013 1099 3096 urbibus
1112 3013 1238 3077 clarior
1255 3031 1319 3076 ex·
1406 3078 1410 3083 ,

368 3109 439 3173 titit
455 3117 561 3191 atque
578 3110 766 3173 sublimior.

520 3300 672 3350 NOMINA
690 3299 895 3348 PRAESULUM
914 3300 1167 3352 HWICCIORUM.

366 3415 372 3422 ’
455 3438 478 3482 ι.
503 3421 620 3484 Bosel.
825 3429 829 3440 ’
962 3438 1012 3484 ιν.
1036 3422 1229 3486 Wilfridus

438 3535 477 3590 ιι.
502 3517 626 3581 Ofrfor.
977 3536 1009 3581 v,
1035 3520 1216 3584 Milredns.

422 3633 477 3680 111.
503 3617 709 3696 Ecgwinns,
962 3633 1011 3681 νι.
1035 3617 1280 3710 Wermundus.

401 3816 566 3864 ¹Leicester.
646 3811 794 3873 ²Lindsey.
856 3817 898 3861 2³.
936 3813 986 3860 His
1005 3827 1078 3863 name
1100 3816 1123 3863 is
1145 3815 1200 3863 also
1218 3816 1320 3864 written

401 3885 596 3932 ³Sidnacester.
633 3882 671 3929 Its
687 3882 791 3942 loeality
808 3882 831 3929 is
858 3882 952 3930 liedda
964 3882 1014 3929 aud
1031 3883 1104 3933 Eata.
1140 3883 1189 3932 See
1200 3883 1323 3931 R.Wen·

365 3953 505 4000 unknown.
856 3951 942 4009 (lover,
959 3964 976 3999 1.
989 3967 1015 4010 p.
1030 3955 1085 4011 172,
1096 3953 1146 4000 and
1162 3952 1192 3999 R.
1206 3951 1321 4012 Higrleu,

401 4021 409 4047 ⁴
428 4019 544 4080 sutton]
562 4020 595 4066 So
608 4019 689 4079 Beda,
702 4018 737 4065 H.
752 4018 782 4066 E.
797 4031 829 4066 ιν.
857 4035 883 4079 p.
895 4023 952 4068 241.
