3098 4770
488 371 679 418 rnoaurvrn
708 372 988 420 wroouruausrs
1139 360 1203 424 161

258 519 363 583 duces
380 521 577 606 Hemingus
599 533 634 588 et
657 527 811 607 Eglasus,
830 527 872 590 ad
892 527 1090 591 Tenedland
1110 530 1205 592 insu·
1217 545 1317 584 munt

257 618 327 681 lam
343 621 522 703 applicuit,
540 632 573 687 et
592 624 766 705 praedictae
781 625 883 688 classi
900 627 973 689 sine
988 626 1150 691 dilatione
1167 648 1205 691 se
1217 596 1311 640 mum

252 717 384 798 junxit.
424 720 556 782 Deinde
569 724 678 786 ambae
695 722 879 786 Sandicum
893 733 1028 804 portum
1044 727 1204 801 subeunt,

257 822 292 876 et
316 819 503 880 anavibus
529 820 757 898 prosilientes,
779 822 954 885 civitatem
983 823 1204 886 cantuariam

257 911 430 977 hostiliter
446 917 585 992 adeunt,
604 936 748 999 eamque
765 918 943 998 effringere
960 930 1157 1001 coeperuut;
1183 935 1360 984 ammaon

1215 986 1299 1033 poundr
1309 985 1364 1024 from

159 1037 164 1044 -
257 1011 382 1090 quibus
404 1031 488 1076 mox
509 1016 600 1077 cives
626 1015 900 1078 cantuarienses
921 1035 999 1080 cum
1019 1016 1203 1080 Orientali·
1217 1035 1285 1077 sent:
1299 1040 1357 1082 roto

256 1109 320 1170 bus
344 1108 550 1174 Cantwariis
573 1112 714 1176 dextras
738 1119 905 1195 petentes,
928 1123 1144 1196 acceperunt,
1168 1127 1203 1180 et
1215 1083 1305 1180 lllaffll
1313 1085 1338 1123 ⁰¹

256 1208 306 1268 eis
338 1202 392 1270 1'11.
424 1209 530 1273 libras
561 1231 624 1291 pro
657 1212 756 1274 firma
787 1231 871 1292 pace
907 1213 1081 1276 dederunt.
1144 1214 1203 1277 Illi
1214 1182 1347 1270 §liiiio

256 1311 372 1366 autem
389 1326 494 1370 naves
512 1318 718 1391 repetentes,
733 1310 776 1371 ad
790 1309 937 1373 Vectam
954 1311 1107 1373 Insulam
1124 1331 1201 1373 cur·
1215 1281 1352 1329 mmmm

255 1422 331 1464 sum
350 1405 561 1482 direxerunt,
578 1406 700 1469 deinde
718 1408 753 1468 in
772 1407 1031 1470 suth-saxonia
1048 1417 1082 1470 et
1098 1408 1201 1471 Suth-

255 1499 475 1566 hamtunensi
492 1505 670 1585 provincia
692 1506 782 1569 circa
804 1506 897 1587 ripas
915 1507 1032 1582 maris,
1046 1507 1097 1569 uti
1119 1525 1201 1570 con·

253 1611 451 1678 sueverant,
476 1603 671 1685 frequenter
693 1605 843 1684 praedam
868 1613 1023 1683 egerunt,
1047 1613 1080 1668 et
1100 1605 1201 1668 villas

253 1699 476 1778 quamplures
502 1700 736 1763 incenderunt.
788 1699 960 1784 Quocirca
988 1720 1050 1762 rex
1081 1701 1324 1781 AEgel-aaenea

252 1795 355 1857 redus
380 1797 423 1858 de
443 1804 519 1860 tota
545 1797 673 1877 Anglia
698 1799 886 1861 exercitum
910 1799 1145 1878 congregavit,
1167 1808 1202 1864 et
1213 1772 1314 1869 {illim

252 1912 315 1972 per
351 1895 548 1975 provincias
581 1896 669 1958 mari
699 1896 831 1959 vicinas
863 1895 1028 1958 adversus
1065 1896 1201 1960 illorum

251 1992 462 2073 irruptiones
479 1994 627 2057 locavit:
651 1994 710 2057 sed
731 1994 781 2056 illi
802 2012 864 2074 pro
886 1993 951 2055 hoc
972 2012 1040 2056 non
1060 1994 1201 2057 destite-

253 2096 346 2165 runt,
364 2092 448 2171 quin
466 2110 529 2171 pro
555 2092 624 2152 situ
641 2092 769 2171 ubique
787 2089 939 2152 locorum
959 2092 1098 2170 rapinas
1119 2109 1200 2170 age·

250 2195 340 2251 rent.
394 2186 554 2265 Quadam
569 2188 676 2268 igitur
690 2183 776 2262 vioe,
791 2186 873 2249 dum
886 2187 938 2250 illi
951 2187 1052 2251 solito
1064 2187 1201 2268 longius

251 2302 272 2345 a
292 2285 380 2347 mari
402 2286 595 2367 praedatum
617 2283 851 2361 descederent,
872 2293 908 2349 et
930 2287 1063 2348 onerati
1082 2287 1202 2367 praeda

251 2383 415 2458 redirent,
432 2385 525 2446 viam
540 2403 610 2465 qua
627 2384 671 2447 ad
692 2403 799 2447 naves
819 2402 900 2446 suas
918 2384 1088 2446 reversuri
1103 2392 1202 2447 erant

250 2499 314 2543 rex
344 2483 615 2562 praeoccupavit,
649 2481 768 2543 multis
798 2481 948 2542 millibus
989 2487 1200 2544 armatorum

249 2577 456 2655 instructus,
496 2587 543 2657 et,
582 2586 622 2641 ut
662 2584 756 2641 totus
786 2585 860 2640 erat
899 2578 1081 2652 exercitus,
1112 2579 1200 2641 mori

252 2675 308 2738 vel
331 2677 469 2740 vincere
496 2682 650 2758 paratus.
702 2674 753 2738 At
780 2675 931 2756 perfidus
959 2674 1031 2737 dux
1054 2675 1340 2738 Edricusnanma

1168 2775 1175 2788 ,
1211 2751 1287 2790 escape

250 2772 409 2849 Streona,
448 2793 555 2855 gener
583 2774 671 2856 ejus,
704 2773 824 2836 habuit
852 2774 942 2835 enim
973 2773 1008 2834 in
1036 2772 1200 2860 conjugio
1211 2790 1304 2879 migr
1297 2792 1355 2890 ryups

248 2871 356 2934 filiam
389 2872 465 2954 ejus
501 2872 699 2952 Edgitham,
729 2878 763 2934 et
794 2870 926 2933 insidiis
958 2877 993 2932 et
1025 2870 1199 2951 perplexrs
1211 2889 1291 2977 para

248 2970 463 3032 orationibus
483 2988 527 3032 ne
548 2970 710 3051 proelium
729 2970 864 3042 inirent,
883 2969 943 3030 sed
963 2987 1005 3030 ea
1019 2969 1094 3030 vice
1116 2987 1199 3032 suos
1226 2941 1308 2978 Μ

248 3066 366 3130 hostes
382 3068 477 3130 abire
501 3068 748 3148 permitterent,
763 3066 874 3128 modis
893 3066 1050 3128 omnibus
1068 3065 1199 3128 allabo-

248 3167 361 3228 ravit:
386 3165 497 3228 suasit
508 3174 543 3228 et
556 3166 739 3247 persuasit,
752 3171 788 3227 et
801 3182 822 3225 a
834 3164 992 3225 manibus
1006 3161 1200 3243 Anglorum

251 3261 384 3338 Danos,
403 3271 443 3325 ut
462 3264 584 3343 patriae
604 3262 770 3343 proditor,
791 3261 927 3342 eripuit,
949 3267 984 3322 et
1003 3260 1096 3322 abire
1121 3279 1199 3341 per·

249 3361 355 3422 misit.
409 3359 468 3422 Illi
489 3379 571 3424 vero
592 3361 635 3422 ab
660 3360 709 3421 eis
733 3358 952 3433 divertentes,
973 3375 1099 3436 magno
1121 3377 1199 3420 cum

251 3458 379 3536 gaudio
404 3457 447 3519 ad
469 3476 549 3520 suas
573 3457 721 3538 regressi
743 3463 823 3518 sunt
841 3474 959 3518 naves.
1010 3453 1098 3516 Post
1113 3455 1199 3530 haec,
1211 3469 1342 3557 {gegang-

250 3573 390 3616 emensa
412 3555 448 3616 S.
468 3555 610 3618 Martini
631 3556 817 3618 testivitate
840 3554 897 3634 [11
914 3551 1038 3632 Nov.],
1053 3552 1087 3613 in
1111 3551 1358 3654 Can-prumano

249 3653 333 3714 tiam
357 3653 502 3726 devecti,
526 3653 560 3713 in
579 3652 743 3716 Tamensi
765 3652 904 3714 flumine
926 3649 1104 3711 hiemalem
1128 3657 1198 3711 sta·
1237 3627 1313 3661 ''me''

249 3750 378 3812 tionem
410 3749 598 3828 elegerunt,
628 3758 664 3812 et
688 3757 844 3830 sumptus
872 3748 915 3808 de
942 3744 1200 3808 East-Saxonia

249 3847 397 3927 aliisque
418 3847 603 3926 provinciis
629 3847 764 3928 utrique
786 3846 870 3925 ripae
894 3843 1044 3905 fluminis
1067 3843 1199 3918 vicinis,

249 3946 315 4007 sibi
342 3952 541 4025 rapuerunt.
594 3943 695 4025 Saepe
727 3944 829 4005 etiam
856 3942 1030 4004 civitatem
1059 3939 1355 4045 Lundo-poapuaea

249 4044 352 4105 niam
365 4043 534 4123 aggressi,
550 4061 750 4122 expugnare
765 4041 875 4104 moliti
895 4045 988 4112 sunt,
1001 4037 1060 4100 sed
1078 4058 1099 4101 a
1115 4039 1199 4101 civi·
1211 4016 1307 4096 aiilon.

1021 4153 1047 4197 M
