3098 4770
498 329 689 377 rnonsnrn
715 328 994 378 wroonrunrvsrs.
1163 312 1229 376 153

274 485 457 548 Cuthberti
483 505 625 566 corpore
647 487 852 565 vagabatur,
876 486 985 548 donec
1012 485 1045 547 in
1068 484 1144 547 loco
1168 485 1227 565 qui
1242 497 1371 585 gnorun-

1257 547 1338 586 interne

185 587 189 595 '
275 581 554 664 Cunegaceastre
576 583 713 659 dicitur,
730 584 935 664 episcopalis
952 583 1117 646 cathedra
1135 592 1229 646 esset
1242 597 1343 635 removed
1353 600 1375 634 20

1242 646 1370 684 chester-le·

272 680 399 757 locata,
423 681 516 762 quod
543 682 673 744 sactum
705 691 757 744 est
788 692 940 762 tempore
957 681 1106 744 AElfredi
1135 684 1228 762 regis
1242 700 1359 781 mem

272 778 481 858 Anglorum.
528 779 615 843 Post
637 799 804 842 annorum
832 781 1003 843 curricula
1026 780 1228 855 multorum,
1242 754 1380 831 tonurhnnl·

273 884 441 955 regnante
463 877 649 957 AEgelredo
675 897 756 956 rege
771 877 976 956 Anglorum,
999 896 1125 956 corpus
1149 897 1230 940 san·

273 980 380 1048 ctum,
392 975 484 1038 sicut
496 975 637 1038 oraculo
647 973 779 1038 coelesti
791 981 1092 1054 praemonstratum
1102 974 1228 1049 suerat,

274 1072 308 1131 in
324 1071 561 1135 Dunhelmum
585 1072 757 1154 perlatum
778 1081 841 1147 est,
858 1080 964 1152 atque
979 1072 1079 1134 sedes
1096 1074 1229 1152 episco-

274 1168 364 1248 palis
391 1169 517 1232 ibidem
545 1169 745 1233 constituta.
798 1170 932 1234 Idcirco
962 1179 1103 1232 sanctus
1131 1171 1230 1234 Beda

274 1264 590 1330 Lindisfarnensem
626 1268 805 1330 ecclesiam
838 1270 946 1347 ponit,
980 1269 1038 1330 ubi
1068 1270 1229 1348 primitus

273 1364 374 1426 sedes
401 1373 477 1427 erat
507 1364 731 1445 episcopalis3
764 1371 919 1445 tempore
946 1384 1094 1445 namque
1122 1366 1229 1429 Bedae

274 1463 370 1525 nulla
388 1471 463 1525 erat
478 1463 630 1544 cognitio
647 1462 845 1525 Dunhelmi.
898 1461 1002 1527 Anno
1016 1483 1097 1526 vero
1113 1464 1157 1525 ab
1174 1465 1228 1527 in-

274 1560 839 1624 carnationeDomiuinostriJesu
851 1561 1228 1637 Christin.cccc.xcv.,

275 1658 374 1719 sedes
388 1659 595 1738 episcopalis
609 1660 644 1720 in
661 1657 893 1718 Dunhelmum
913 1661 1082 1721 translata
1098 1669 1162 1720 est.

326 1754 480 1818 Alsricus
506 1755 733 1818 Doruberniae
753 1755 1032 1837 archiepiscopus
1050 1774 1231 1819 consecra·
1262 1768 1289 1806 A·
1298 1767 1325 1805 1>-
1335 1769 1379 1807 ⁹⁹⁶-

273 1860 332 1915 tur
346 1851 358 1886 ι
1245 1831 1300 1919 .elbp.
1310 1831 1387 1872 murto

334 1901 342 1916 .
1258 1882 1390 1920 consented.

326 1952 508 2015 Danorum
524 1953 709 2028 exercitus
727 1954 784 2034 qui
805 1963 1017 2017 remanserat
1034 1955 1069 2016 in
1087 1952 1231 2033 Anglia,
1263 1960 1325 2000 ³·1’·
1336 1959 1382 1999 ⁹⁹⁷·

275 2049 573 2131 circumnavigata
602 2050 890 2125 west-Samnio,
915 2054 1040 2114 ostium
1072 2050 1230 2113 Sabriuae
1244 2025 1375 2112 ἷιῗιῖἶῖἲῗ

276 2145 426 2210 fluminis
451 2149 608 2223 intravit,
635 2155 672 2210 et
693 2166 784 2210 nunc
806 2147 1111 2228 septentrionalem
1137 2148 1229 2229 Bry·
1243 2123 1335 2220 1⁸3.ng

275 2247 444 2321 tanniam,
475 2266 567 2309 nunc
598 2244 819 2320 Cornubiam‚
845 2265 936 2309 nunc
966 2247 1000 2308 in
1031 2220 1393 2317 Domnaniassthlssle,

275 2341 489 2424 Wecedport
503 2344 712 2419 devastavit,
729 2343 888 2424 villisque
903 2344 1166 2425 quamplurimis
1179 2345 1230 2406 in-

276 2441 399 2516 censis,
424 2441 552 2504 multas
572 2441 747 2504 hominum
770 2448 904 2521 strages
930 2441 1034 2504 dedit.
1080 2440 1229 2516 Deinde,
1243 2464 1375 2503 tantine·

277 2537 567 2603 Penvvithsteort²
591 2539 755 2618 regirato,
777 2539 812 2600 in
839 2540 967 2601 ostium
990 2539 1141 2600 fluminis
1157 2537 1230 2602 Ta·
1243 2515 1333 2559 mmm

275 2655 381 2698 merae
411 2636 644 2699 Domnaniam
675 2643 711 2698 et
739 2634 947 2699 Cornubiam
979 2637 1231 2718 sequestrantis

276 2733 453 2809 devectus,
470 2735 616 2796 navibus
632 2733 815 2814 prosilivit,
831 2733 996 2815 nulloque
1015 2731 1231 2816 prohibente,

276 2849 388 2910 usque
405 2831 450 2893 ad
475 2831 707 2911 Lydesordam
724 2850 824 2893 suum
839 2832 1034 2894 incendium
1051 2833 1232 2894 continua-

275 2929 339 3004 vit,
358 2935 393 2991 et
408 2929 519 2991 caedes
538 2930 713 2993 hominum
730 2911 916 2993 reiteravit.
962 2928 1019 2992 Ad
1035 2930 1110 2991 haec
1125 2931 1230 2993 etiam
1244 2952 1299 2990 num
1309 2950 1378 2991 reu.

278 3023 412 3088 Ordulfi
441 3027 646 3091 Domnaniae
673 3027 830 3107 primatis
856 3028 1114 3102 monasterium,
1137 3027 1230 3108 quod

277 3123 487 3188 Teavistoce
534 3127 743 3200 nominatur,
786 3127 986 3200 combussit,
1028 3126 1230 3206 ingentique

277 3223 396 3303 praeda
411 3232 570 3299 onustus,
595 3224 639 3286 ad
661 3241 768 3285 naves
783 3223 973 3305 repedavit,
989 3222 1177 3303 eodemque
1195 3224 1231 3284 in

277 3320 354 3383 loco
373 3320 563 3386 hiemavit.³

329 3418 547 3482 Memoratus
574 3418 796 3500 Paganorum
819 3420 993 3484 exercitus
1018 3421 1142 3483 ostium
1165 3418 1231 3480 flu·
1262 3441 1288 3479 r.
1297 3440 1325 3480 n.
1336 3441 1382 3478 rer.

278 3517 379 3577 minis
396 3518 488 3595 quod
507 3517 632 3580 Frome
647 3518 773 3581 dicitur
789 3519 968 3600 appulsus
988 3518 1231 3581 Dorsetaniam
1245 3505 1384 3601 fflfflssl.

278 3614 432 3676 maxima
448 3633 494 3676 ex
510 3623 609 3694 parte
630 3616 823 3680 devastavit
837 3637 845 3692 3
865 3617 943 3679 dein
957 3617 1153 3697 frequenter
1171 3614 1231 3677 In·
1245 3603 1348 3700 {iffi

279 3711 390 3772 sulam
409 3711 559 3773 Vectem
579 3714 675 3787 adiit,
697 3732 790 3793 saepe
813 3714 1058 3776 Dorsetaniam
1084 3712 1233 3792 repetiit,
1246 3699 1378 3788 {ffif‘ld

316 3859 322 3887 ¹
341 3862 401 3910 Sax.
412 3860 505 3909 Chron.
807 3861 992 3910 ³Sux.Chron.
1009 3862 1137 3910 Defuncto
1145 3864 1235 3923 Sigaro

313 3927 323 3955 ²
341 3929 554 3992 Perrwithsteort.]
571 3931 625 3980 l'he
650 3930 745 3978 Land's
773 3929 892 3977 wellensi
910 3931 1039 3990 episcopo,
1055 3933 1178 3980 successit
1190 3932 1235 3980 Al·

281 4002 346 4048 End.
773 4001 862 4046 winus.
901 3999 1121 4048 Addulr'urnnrm.

1243 3001 1305 3040 stock
1314 3001 1389 3048 sbbey.
1444 3038 1449 3045 ‚
