<?xml version="1.0" encoding="UTF-8"?>
<!DOCTYPE html PUBLIC "-//W3C//DTD XHTML 1.0 Transitional//EN"
    "http://www.w3.org/TR/xhtml1/DTD/xhtml1-transitional.dtd">
<html xmlns="http://www.w3.org/1999/xhtml" xml:lang="en" lang="en">
 <head>
  <title>
</title>
<meta http-equiv="Content-Type" content="text/html;charset=utf-8" />
  <meta name='ocr-system' content='tesseract 3.04.00' />
  <meta name='ocr-capabilities' content='ocr_page ocr_carea ocr_par ocr_line ocrx_word'/>
</head>
<body>
  <div class='ocr_page' id='page_1' title='image "./florentiiwigorn00florgoog_0204.png"; bbox 0 0 3098 4770; ppageno 0'>
   <div class='ocr_carea' id='block_1_1' title="bbox 453 348 1175 411">
    <p class='ocr_par' dir='ltr' id='par_1_1' title="bbox 453 348 1175 411">
     <span class='ocr_line' id='line_1_1' title="bbox 453 348 1175 411; baseline 0.004 -4"><span class='ocrx_word' id='word_1_1' title='bbox 453 361 645 408; x_wconf 80' lang='lat' dir='ltr'><strong>ruonuuru</strong></span> <span class='ocrx_word' id='word_1_2' title='bbox 671 361 949 409; x_wconf 81' lang='lat' dir='ltr'><strong>wrconuruusrs.</strong></span> <span class='ocrx_word' id='word_1_3' title='bbox 1110 348 1175 411; x_wconf 85' lang='lat'><strong>195</strong></span> 
     </span>
    </p>
   </div>
   <div class='ocr_carea' id='block_1_2' title="bbox 216 514 1328 3133">
    <p class='ocr_par' dir='ltr' id='par_1_2' title="bbox 224 514 1328 988">
     <span class='ocr_line' id='line_1_2' title="bbox 224 514 1173 597; baseline 0.006 -25"><span class='ocrx_word' id='word_1_4' title='bbox 224 514 381 591; x_wconf 84' lang='lat' dir='ltr'>sequenti</span> <span class='ocrx_word' id='word_1_5' title='bbox 408 532 497 576; x_wconf 91' lang='lat' dir='ltr'><strong>anno</strong></span> <span class='ocrx_word' id='word_1_6' title='bbox 522 514 675 578; x_wconf 91' lang='lat' dir='ltr'><strong>ablatum</strong></span> <span class='ocrx_word' id='word_1_7' title='bbox 703 515 863 591; x_wconf 84' lang='lat' dir='ltr'><strong>AElsrico,</strong></span> <span class='ocrx_word' id='word_1_8' title='bbox 888 515 1032 597; x_wconf 89' lang='lat' dir='ltr'><strong>Livingo</strong></span> <span class='ocrx_word' id='word_1_9' title='bbox 1057 535 1173 579; x_wconf 91' lang='lat' dir='ltr'><strong>secum</strong></span> 
     </span>
     <span class='ocr_line' id='line_1_3' title="bbox 225 611 1290 692; baseline 0.006 -21"><span class='ocrx_word' id='word_1_10' title='bbox 225 611 407 688; x_wconf 87' lang='lat' dir='ltr'><strong>pacificato</strong></span> <span class='ocrx_word' id='word_1_11' title='bbox 435 612 581 692; x_wconf 91' lang='lat' dir='ltr'><strong>benigne</strong></span> <span class='ocrx_word' id='word_1_12' title='bbox 620 614 781 678; x_wconf 84' lang='lat' dir='ltr'><strong>reddidit.</strong></span> <span class='ocrx_word' id='word_1_13' title='bbox 838 613 1028 680; x_wconf 86' lang='lat' dir='ltr'><strong>Godwinus</strong></span> <span class='ocrx_word' id='word_1_14' title='bbox 1057 624 1173 678; x_wconf 89' lang='lat' dir='ltr'><strong>autem</strong></span> <span class='ocrx_word' id='word_1_15' title='bbox 1187 629 1290 668; x_wconf 74' lang='lat' dir='ltr'><strong>Godwine</strong></span> 
     </span>
     <span class='ocr_line' id='line_1_4' title="bbox 226 684 1307 813; baseline 0.009 -47"><span class='ocrx_word' id='word_1_16' title='bbox 226 708 299 788; x_wconf 86' lang='lat' dir='ltr'><strong>regi</strong></span> <span class='ocrx_word' id='word_1_17' title='bbox 316 728 378 789; x_wconf 79' lang='lat' dir='ltr'><strong>pro</strong></span> <span class='ocrx_word' id='word_1_18' title='bbox 406 729 472 772; x_wconf 89' lang='lat' dir='ltr'><strong>sua</strong></span> <span class='ocrx_word' id='word_1_19' title='bbox 496 708 648 773; x_wconf 92' lang='lat' dir='ltr'><strong>amicitia</strong></span> <span class='ocrx_word' id='word_1_20' title='bbox 664 711 759 775; x_wconf 87' lang='lat' dir='ltr'><strong>dedit</strong></span> <span class='ocrx_word' id='word_1_21' title='bbox 777 713 913 775; x_wconf 84' lang='lat' dir='ltr'><strong>trierem</strong></span> <span class='ocrx_word' id='word_1_22' title='bbox 939 712 1173 789; x_wconf 81' lang='lat' dir='ltr'><strong>fabrefactam,</strong></span> <span class='ocrx_word' id='word_1_23' title='bbox 1186 684 1307 813; x_wconf 44' lang='lat' dir='ltr'><strong>iiiiii?</strong></span> 
     </span>
     <span class='ocr_line' id='line_1_5' title="bbox 226 782 1328 892; baseline 0.007 -26"><span class='ocrx_word' id='word_1_24' title='bbox 226 814 331 886; x_wconf 89' lang='lat' dir='ltr'><strong>caput</strong></span> <span class='ocrx_word' id='word_1_25' title='bbox 346 807 548 871; x_wconf 88' lang='lat' dir='ltr'><strong>deauratum</strong></span> <span class='ocrx_word' id='word_1_26' title='bbox 575 808 770 885; x_wconf 85' lang='lat' dir='ltr'><strong>habentem,</strong></span> <span class='ocrx_word' id='word_1_27' title='bbox 792 813 1013 874; x_wconf 85' lang='lat' dir='ltr'><strong>armamentis</strong></span> <span class='ocrx_word' id='word_1_28' title='bbox 1036 812 1174 892; x_wconf 91' lang='lat' dir='ltr'><strong>optimis</strong></span> <span class='ocrx_word' id='word_1_29' title='bbox 1186 782 1328 865; x_wconf 53' lang='lat' dir='ltr'><strong>bailium·</strong></span> 
     </span>
     <span class='ocr_line' id='line_1_6' title="bbox 225 902 1175 988; baseline 0.008 -24"><span class='ocrx_word' id='word_1_30' title='bbox 225 902 440 980; x_wconf 88' lang='lat' dir='ltr'><strong>instructam,</strong></span> <span class='ocrx_word' id='word_1_31' title='bbox 456 907 589 969; x_wconf 89' lang='lat' dir='ltr'><strong>decoris</strong></span> <span class='ocrx_word' id='word_1_32' title='bbox 614 908 720 968; x_wconf 88' lang='lat' dir='ltr'><strong>armis</strong></span> <span class='ocrx_word' id='word_1_33' title='bbox 743 908 929 988; x_wconf 86' lang='lat' dir='ltr'><strong>electisque</strong></span> <span class='ocrx_word' id='word_1_34' title='bbox 947 925 1068 972; x_wconf 68' lang='lat' dir='ltr'><strong>cxxx.</strong></span> <span class='ocrx_word' id='word_1_35' title='bbox 1086 910 1175 972; x_wconf 93' lang='lat' dir='ltr'><strong>mili-</strong></span> 
     </span>
    </p>

    <p class='ocr_par' dir='ltr' id='par_1_3' title="bbox 224 1000 1174 1085">
     <span class='ocr_line' id='line_1_7' title="bbox 224 1000 1174 1085; baseline 0.008 -24"><span class='ocrx_word' id='word_1_36' title='bbox 224 1000 317 1062; x_wconf 89' lang='lat' dir='ltr'><strong>tibus</strong></span> <span class='ocrx_word' id='word_1_37' title='bbox 352 1004 562 1078; x_wconf 84' lang='lat' dir='ltr'><strong>decoratam,</strong></span> <span class='ocrx_word' id='word_1_38' title='bbox 590 1023 735 1084; x_wconf 91' lang='lat' dir='ltr'><strong>quorum</strong></span> <span class='ocrx_word' id='word_1_39' title='bbox 765 1006 1000 1085; x_wconf 91' lang='lat' dir='ltr'><strong>unusquisque</strong></span> <span class='ocrx_word' id='word_1_40' title='bbox 1025 1005 1174 1069; x_wconf 88' lang='lat' dir='ltr'><strong>habebat</strong></span> 
     </span>
    </p>

    <p class='ocr_par' dir='ltr' id='par_1_4' title="bbox 226 1097 1173 1178">
     <span class='ocr_line' id='line_1_8' title="bbox 226 1097 1173 1178; baseline 0.008 -20"><span class='ocrx_word' id='word_1_41' title='bbox 226 1097 313 1160; x_wconf 90' lang='lat' dir='ltr'><strong>duas</strong></span> <span class='ocrx_word' id='word_1_42' title='bbox 337 1099 373 1162; x_wconf 94' lang='lat' dir='ltr'><strong>in</strong></span> <span class='ocrx_word' id='word_1_43' title='bbox 407 1102 478 1163; x_wconf 90' lang='lat' dir='ltr'><strong>suis</strong></span> <span class='ocrx_word' id='word_1_44' title='bbox 509 1101 657 1164; x_wconf 91' lang='lat' dir='ltr'><strong>brachiis</strong></span> <span class='ocrx_word' id='word_1_45' title='bbox 683 1121 807 1166; x_wconf 89' lang='lat' dir='ltr'><strong>aureas</strong></span> <span class='ocrx_word' id='word_1_46' title='bbox 835 1103 998 1178; x_wconf 88' lang='lat' dir='ltr'><strong>armillas,</strong></span> <span class='ocrx_word' id='word_1_47' title='bbox 1025 1104 1173 1166; x_wconf 91' lang='lat' dir='ltr'><strong>sedecim</strong></span> 
     </span>
    </p>

    <p class='ocr_par' dir='ltr' id='par_1_5' title="bbox 226 1197 1174 1278">
     <span class='ocr_line' id='line_1_9' title="bbox 226 1197 1174 1278; baseline 0.009 -21"><span class='ocrx_word' id='word_1_48' title='bbox 226 1197 343 1259; x_wconf 92' lang='lat' dir='ltr'><strong>uncias</strong></span> <span class='ocrx_word' id='word_1_49' title='bbox 372 1199 574 1278; x_wconf 88' lang='lat' dir='ltr'><strong>pendentes,</strong></span> <span class='ocrx_word' id='word_1_50' title='bbox 600 1200 742 1263; x_wconf 88' lang='lat' dir='ltr'><strong>loricam</strong></span> <span class='ocrx_word' id='word_1_51' title='bbox 776 1202 919 1265; x_wconf 87' lang='lat' dir='ltr'><strong>trilicem</strong></span> <span class='ocrx_word' id='word_1_52' title='bbox 945 1202 1111 1277; x_wconf 90' lang='lat' dir='ltr'><strong>indutam,</strong></span> <span class='ocrx_word' id='word_1_53' title='bbox 1138 1203 1174 1266; x_wconf 93' lang='lat' dir='ltr'><strong>iu</strong></span> 
     </span>
    </p>

    <p class='ocr_par' dir='ltr' id='par_1_6' title="bbox 223 1295 1173 1674">
     <span class='ocr_line' id='line_1_10' title="bbox 225 1295 1173 1380; baseline 0.008 -26"><span class='ocrx_word' id='word_1_54' title='bbox 225 1295 338 1374; x_wconf 89' lang='lat' dir='ltr'><strong>capite</strong></span> <span class='ocrx_word' id='word_1_55' title='bbox 368 1298 535 1360; x_wconf 89' lang='lat' dir='ltr'><strong>cassidem</strong></span> <span class='ocrx_word' id='word_1_56' title='bbox 566 1317 611 1360; x_wconf 89' lang='lat' dir='ltr'><strong>ex</strong></span> <span class='ocrx_word' id='word_1_57' title='bbox 649 1308 749 1377; x_wconf 87' lang='lat' dir='ltr'><strong>parte</strong></span> <span class='ocrx_word' id='word_1_58' title='bbox 779 1300 990 1375; x_wconf 89' lang='lat' dir='ltr'><strong>deauratam,</strong></span> <span class='ocrx_word' id='word_1_59' title='bbox 1020 1301 1173 1380; x_wconf 80' lang='lat' dir='ltr'><strong>gladium</strong></span> 
     </span>
     <span class='ocr_line' id='line_1_11' title="bbox 224 1392 1171 1475; baseline 0.006 -22"><span class='ocrx_word' id='word_1_60' title='bbox 224 1392 399 1456; x_wconf 86' lang='lat' dir='ltr'><strong>deauratis</strong></span> <span class='ocrx_word' id='word_1_61' title='bbox 436 1395 569 1475; x_wconf 90' lang='lat' dir='ltr'><strong>capulis</strong></span> <span class='ocrx_word' id='word_1_62' title='bbox 598 1395 738 1458; x_wconf 88' lang='lat' dir='ltr'><strong>renibus</strong></span> <span class='ocrx_word' id='word_1_63' title='bbox 767 1398 968 1471; x_wconf 89' lang='lat' dir='ltr'><strong>accinctum,</strong></span> <span class='ocrx_word' id='word_1_64' title='bbox 1001 1397 1171 1459; x_wconf 91' lang='lat' dir='ltr'><strong>Danicam</strong></span> 
     </span>
     <span class='ocr_line' id='line_1_12' title="bbox 223 1492 1172 1575; baseline 0.006 -23"><span class='ocrx_word' id='word_1_65' title='bbox 223 1492 369 1554; x_wconf 89' lang='lat' dir='ltr'><strong>securim</strong></span> <span class='ocrx_word' id='word_1_66' title='bbox 396 1511 481 1555; x_wconf 89' lang='lat' dir='ltr'><strong>auro</strong></span> <span class='ocrx_word' id='word_1_67' title='bbox 511 1501 724 1575; x_wconf 83' lang='lat' dir='ltr'><strong>argentoque</strong></span> <span class='ocrx_word' id='word_1_68' title='bbox 750 1495 941 1557; x_wconf 89' lang='lat' dir='ltr'><strong>redimitam</strong></span> <span class='ocrx_word' id='word_1_69' title='bbox 967 1496 1003 1556; x_wconf 94' lang='lat' dir='ltr'><strong>in</strong></span> <span class='ocrx_word' id='word_1_70' title='bbox 1032 1496 1172 1558; x_wconf 87' lang='lat' dir='ltr'><strong>sinistro</strong></span> 
     </span>
     <span class='ocr_line' id='line_1_13' title="bbox 224 1587 1172 1674; baseline 0.006 -25"><span class='ocrx_word' id='word_1_71' title='bbox 224 1587 365 1653; x_wconf 89' lang='lat' dir='ltr'><strong>humero</strong></span> <span class='ocrx_word' id='word_1_72' title='bbox 396 1591 613 1672; x_wconf 90' lang='lat' dir='ltr'><strong>pendentem,</strong></span> <span class='ocrx_word' id='word_1_73' title='bbox 637 1591 673 1655; x_wconf 93' lang='lat' dir='ltr'><strong>in</strong></span> <span class='ocrx_word' id='word_1_74' title='bbox 701 1612 806 1655; x_wconf 90' lang='lat' dir='ltr'><strong>mauu</strong></span> <span class='ocrx_word' id='word_1_75' title='bbox 832 1594 970 1656; x_wconf 88' lang='lat' dir='ltr'><strong>sinistra</strong></span> <span class='ocrx_word' id='word_1_76' title='bbox 1001 1594 1172 1674; x_wconf 87' lang='lat' dir='ltr'><strong>clypeum,</strong></span> 
     </span>
    </p>

    <p class='ocr_par' dir='ltr' id='par_1_7' title="bbox 223 1687 1176 1868">
     <span class='ocr_line' id='line_1_14' title="bbox 223 1687 1176 1777; baseline 0.003 -29"><span class='ocrx_word' id='word_1_77' title='bbox 223 1687 323 1767; x_wconf 88' lang='lat' dir='ltr'><strong>cujus</strong></span> <span class='ocrx_word' id='word_1_78' title='bbox 349 1691 454 1750; x_wconf 92' lang='lat' dir='ltr'><strong>umbo</strong></span> <span class='ocrx_word' id='word_1_79' title='bbox 486 1690 643 1770; x_wconf 86' lang='lat' dir='ltr'><strong>clavique</strong></span> <span class='ocrx_word' id='word_1_80' title='bbox 675 1699 774 1753; x_wconf 89' lang='lat' dir='ltr'><strong>erant</strong></span> <span class='ocrx_word' id='word_1_81' title='bbox 799 1691 964 1763; x_wconf 88' lang='lat' dir='ltr'><strong>deaurati,</strong></span> <span class='ocrx_word' id='word_1_82' title='bbox 989 1692 1024 1751; x_wconf 93' lang='lat' dir='ltr'><strong>in</strong></span> <span class='ocrx_word' id='word_1_83' title='bbox 1049 1692 1176 1777; x_wconf 54' lang='lat' dir='ltr'><strong>dextra¹</strong></span> 
     </span>
     <span class='ocr_line' id='line_1_15' title="bbox 223 1784 1172 1868; baseline 0.004 -23"><span class='ocrx_word' id='word_1_84' title='bbox 223 1784 392 1861; x_wconf 87' lang='lat' dir='ltr'><strong>lanceam,</strong></span> <span class='ocrx_word' id='word_1_85' title='bbox 419 1804 498 1865; x_wconf 86' lang='lat' dir='ltr'><strong>quae</strong></span> <span class='ocrx_word' id='word_1_86' title='bbox 531 1786 650 1866; x_wconf 87' lang='lat' dir='ltr'><strong>lingua</strong></span> <span class='ocrx_word' id='word_1_87' title='bbox 679 1787 873 1867; x_wconf 91' lang='lat' dir='ltr'><strong>Anglorum</strong></span> <span class='ocrx_word' id='word_1_88' title='bbox 907 1795 1028 1867; x_wconf 89' lang='lat' dir='ltr'><strong>ategar</strong></span> <span class='ocrx_word' id='word_1_89' title='bbox 1053 1787 1172 1868; x_wconf 89' lang='lat' dir='ltr'><strong>appel-</strong></span> 
     </span>
    </p>

    <p class='ocr_par' dir='ltr' id='par_1_8' title="bbox 220 1881 1171 2064">
     <span class='ocr_line' id='line_1_16' title="bbox 222 1881 1171 1964; baseline 0.005 -21"><span class='ocrx_word' id='word_1_90' title='bbox 222 1881 338 1947; x_wconf 85' lang='lat' dir='ltr'><strong>latur.²</strong></span> <span class='ocrx_word' id='word_1_91' title='bbox 392 1883 542 1964; x_wconf 87' lang='lat' dir='ltr'><strong>Insuper</strong></span> <span class='ocrx_word' id='word_1_92' title='bbox 558 1885 676 1961; x_wconf 90' lang='lat' dir='ltr'><strong>etiam,</strong></span> <span class='ocrx_word' id='word_1_93' title='bbox 694 1905 763 1948; x_wconf 93' lang='lat' dir='ltr'><strong>non</strong></span> <span class='ocrx_word' id='word_1_94' title='bbox 789 1885 843 1947; x_wconf 93' lang='lat' dir='ltr'><strong>sui</strong></span> <span class='ocrx_word' id='word_1_95' title='bbox 867 1883 998 1949; x_wconf 91' lang='lat' dir='ltr'><strong>consilii</strong></span> <span class='ocrx_word' id='word_1_96' title='bbox 1013 1904 1075 1947; x_wconf 88' lang='lat' dir='ltr'><strong>nee</strong></span> <span class='ocrx_word' id='word_1_97' title='bbox 1098 1905 1171 1948; x_wconf 89' lang='lat' dir='ltr'><strong>suae</strong></span> 
     </span>
     <span class='ocr_line' id='line_1_17' title="bbox 220 1980 1169 2064; baseline 0.005 -23"><span class='ocrx_word' id='word_1_98' title='bbox 220 1980 411 2044; x_wconf 88' lang='lat' dir='ltr'><strong>voluntatis</strong></span> <span class='ocrx_word' id='word_1_99' title='bbox 427 1981 542 2058; x_wconf 82' lang='lat' dir='ltr'><strong>luisse,</strong></span> <span class='ocrx_word' id='word_1_100' title='bbox 556 1984 648 2063; x_wconf 93' lang='lat' dir='ltr'><strong>quod</strong></span> <span class='ocrx_word' id='word_1_101' title='bbox 660 1983 769 2046; x_wconf 87' lang='lat' dir='ltr'><strong>frater</strong></span> <span class='ocrx_word' id='word_1_102' title='bbox 783 1983 857 2064; x_wconf 87' lang='lat' dir='ltr'><strong>ejus</strong></span> <span class='ocrx_word' id='word_1_103' title='bbox 871 1990 1024 2046; x_wconf 88' lang='lat' dir='ltr'><strong>coecatus</strong></span> <span class='ocrx_word' id='word_1_104' title='bbox 1039 1983 1169 2058; x_wconf 89' lang='lat' dir='ltr'><strong>luisset,</strong></span> 
     </span>
    </p>

    <p class='ocr_par' dir='ltr' id='par_1_9' title="bbox 220 2077 1170 2160">
     <span class='ocr_line' id='line_1_18' title="bbox 220 2077 1170 2160; baseline 0.003 -21"><span class='ocrx_word' id='word_1_105' title='bbox 220 2077 281 2141; x_wconf 88' lang='lat' dir='ltr'><strong>sed</strong></span> <span class='ocrx_word' id='word_1_106' title='bbox 299 2079 473 2142; x_wconf 91' lang='lat' dir='ltr'><strong>dominum</strong></span> <span class='ocrx_word' id='word_1_107' title='bbox 485 2098 586 2141; x_wconf 90' lang='lat' dir='ltr'><strong>suum</strong></span> <span class='ocrx_word' id='word_1_108' title='bbox 602 2099 720 2160; x_wconf 86' lang='lat' dir='ltr'><strong>regem</strong></span> <span class='ocrx_word' id='word_1_109' title='bbox 736 2078 930 2141; x_wconf 87' lang='lat' dir='ltr'><strong>Haroldum</strong></span> <span class='ocrx_word' id='word_1_110' title='bbox 945 2079 1041 2142; x_wconf 92' lang='lat' dir='ltr'><strong>illum</strong></span> <span class='ocrx_word' id='word_1_111' title='bbox 1058 2080 1170 2142; x_wconf 85' lang='lat' dir='ltr'><strong>lacere</strong></span> 
     </span>
    </p>

    <p class='ocr_par' dir='ltr' id='par_1_10' title="bbox 222 2175 1169 2257">
     <span class='ocr_line' id='line_1_19' title="bbox 222 2175 1169 2257; baseline 0.004 -21"><span class='ocrx_word' id='word_1_112' title='bbox 222 2176 315 2255; x_wconf 90' lang='lat' dir='ltr'><strong>quod</strong></span> <span class='ocrx_word' id='word_1_113' title='bbox 340 2177 423 2239; x_wconf 87' lang='lat' dir='ltr'><strong>fecit</strong></span> <span class='ocrx_word' id='word_1_114' title='bbox 443 2176 604 2257; x_wconf 88' lang='lat' dir='ltr'><strong>jussisse,</strong></span> <span class='ocrx_word' id='word_1_115' title='bbox 618 2196 697 2239; x_wconf 91' lang='lat' dir='ltr'><strong>cum</strong></span> <span class='ocrx_word' id='word_1_116' title='bbox 713 2176 820 2239; x_wconf 91' lang='lat' dir='ltr'><strong>totius</strong></span> <span class='ocrx_word' id='word_1_117' title='bbox 835 2176 905 2240; x_wconf 88' lang='lat' dir='ltr'><strong>sere</strong></span> <span class='ocrx_word' id='word_1_118' title='bbox 921 2175 1060 2257; x_wconf 86' lang='lat' dir='ltr'><strong>Angliae</strong></span> <span class='ocrx_word' id='word_1_119' title='bbox 1074 2178 1169 2257; x_wconf 88' lang='lat' dir='ltr'><strong>priu-</strong></span> 
     </span>
    </p>

    <p class='ocr_par' dir='ltr' id='par_1_11' title="bbox 219 2272 1059 2355">
     <span class='ocr_line' id='line_1_20' title="bbox 219 2272 1059 2355; baseline 0.004 -21"><span class='ocrx_word' id='word_1_120' title='bbox 219 2273 352 2352; x_wconf 92' lang='lat' dir='ltr'><strong>cipibus</strong></span> <span class='ocrx_word' id='word_1_121' title='bbox 369 2281 404 2335; x_wconf 90' lang='lat' dir='ltr'><strong>et</strong></span> <span class='ocrx_word' id='word_1_122' title='bbox 422 2272 587 2335; x_wconf 89' lang='lat' dir='ltr'><strong>ministris</strong></span> <span class='ocrx_word' id='word_1_123' title='bbox 603 2273 817 2354; x_wconf 83' lang='lat' dir='ltr'><strong>dignioribus</strong></span> <span class='ocrx_word' id='word_1_124' title='bbox 833 2274 907 2354; x_wconf 88' lang='lat' dir='ltr'><strong>regi</strong></span> <span class='ocrx_word' id='word_1_125' title='bbox 916 2273 1059 2355; x_wconf 86' lang='lat' dir='ltr'><strong>juravit.</strong></span> 
     </span>
    </p>

    <p class='ocr_par' dir='ltr' id='par_1_12' title="bbox 216 2369 1323 3133">
     <span class='ocr_line' id='line_1_21' title="bbox 271 2369 1323 2450; baseline 0.002 -18"><span class='ocrx_word' id='word_1_126' title='bbox 271 2370 353 2432; x_wconf 93' lang='lat' dir='ltr'><strong>Hoc</strong></span> <span class='ocrx_word' id='word_1_127' title='bbox 368 2389 460 2432; x_wconf 90' lang='lat' dir='ltr'><strong>anno</strong></span> <span class='ocrx_word' id='word_1_128' title='bbox 477 2388 540 2431; x_wconf 89' lang='lat' dir='ltr'><strong>rex</strong></span> <span class='ocrx_word' id='word_1_129' title='bbox 555 2369 750 2450; x_wconf 87' lang='lat' dir='ltr'><strong>Anglorum</strong></span> <span class='ocrx_word' id='word_1_130' title='bbox 777 2369 1063 2434; x_wconf 88' lang='lat' dir='ltr'><strong>Heardecanutus</strong></span> <span class='ocrx_word' id='word_1_131' title='bbox 1085 2390 1168 2433; x_wconf 88' lang='lat' dir='ltr'><strong>suos</strong></span> <span class='ocrx_word' id='word_1_132' title='bbox 1193 2381 1254 2420; x_wconf 46' lang='lat'><strong>&amp;1³-</strong></span> <span class='ocrx_word' id='word_1_133' title='bbox 1265 2381 1323 2421; x_wconf 80' lang='lat'><strong>¹⁰⁴¹·</strong></span> 
     </span>
     <span class='ocr_line' id='line_1_22' title="bbox 220 2444 1312 2549; baseline 0.003 -20"><span class='ocrx_word' id='word_1_134' title='bbox 220 2465 412 2529; x_wconf 73' lang='lat' dir='ltr'><strong>huscarlas²</strong></span> <span class='ocrx_word' id='word_1_135' title='bbox 428 2466 521 2529; x_wconf 90' lang='lat' dir='ltr'><strong>misit</strong></span> <span class='ocrx_word' id='word_1_136' title='bbox 536 2486 598 2549; x_wconf 93' lang='lat' dir='ltr'><strong>per</strong></span> <span class='ocrx_word' id='word_1_137' title='bbox 610 2487 729 2531; x_wconf 89' lang='lat' dir='ltr'><strong>omnes</strong></span> <span class='ocrx_word' id='word_1_138' title='bbox 738 2469 835 2548; x_wconf 90' lang='lat' dir='ltr'><strong>regui</strong></span> <span class='ocrx_word' id='word_1_139' title='bbox 844 2469 897 2530; x_wconf 92' lang='lat' dir='ltr'><strong>sui</strong></span> <span class='ocrx_word' id='word_1_140' title='bbox 912 2469 1107 2549; x_wconf 90' lang='lat' dir='ltr'><strong>provincias</strong></span> <span class='ocrx_word' id='word_1_141' title='bbox 1122 2469 1166 2531; x_wconf 86' lang='lat' dir='ltr'><strong>ad</strong></span> <span class='ocrx_word' id='word_1_142' title='bbox 1179 2444 1312 2532; x_wconf 60' lang='lat' dir='ltr'><strong>iiiiiiiairnd</strong></span> 
     </span>
     <span class='ocr_line' id='line_1_23' title="bbox 217 2543 1304 2647; baseline 0.004 -21"><span class='ocrx_word' id='word_1_143' title='bbox 217 2565 427 2644; x_wconf 84' lang='lat' dir='ltr'><strong>exigendum</strong></span> <span class='ocrx_word' id='word_1_144' title='bbox 445 2563 537 2645; x_wconf 90' lang='lat' dir='ltr'><strong>quod</strong></span> <span class='ocrx_word' id='word_1_145' title='bbox 559 2566 734 2628; x_wconf 85' lang='lat' dir='ltr'><strong>indixerat</strong></span> <span class='ocrx_word' id='word_1_146' title='bbox 757 2566 944 2639; x_wconf 71' lang='lat' dir='ltr'><strong>tributum</strong></span> <span class='ocrx_word' id='word_1_147' title='bbox 969 2585 1012 2629; x_wconf 86' lang='lat' dir='ltr'><strong>ex</strong></span> <span class='ocrx_word' id='word_1_148' title='bbox 1043 2543 1304 2647; x_wconf 65' lang='lat' dir='ltr'><strong>quibusiiiieiier.</strong></span> 
     </span>
     <span class='ocr_line' id='line_1_24' title="bbox 218 2661 1167 2743; baseline 0.003 -20"><span class='ocrx_word' id='word_1_149' title='bbox 218 2661 318 2736; x_wconf 80' lang='lat' dir='ltr'><strong>duee,</strong></span> <span class='ocrx_word' id='word_1_150' title='bbox 341 2663 476 2725; x_wconf 89' lang='lat' dir='ltr'><strong>Feader</strong></span> <span class='ocrx_word' id='word_1_151' title='bbox 500 2663 632 2727; x_wconf 88' lang='lat' dir='ltr'><strong>scilicet</strong></span> <span class='ocrx_word' id='word_1_152' title='bbox 655 2670 691 2727; x_wconf 89' lang='lat' dir='ltr'><strong>et</strong></span> <span class='ocrx_word' id='word_1_153' title='bbox 716 2663 904 2737; x_wconf 84' lang='lat' dir='ltr'><strong>Thurstan,</strong></span> <span class='ocrx_word' id='word_1_154' title='bbox 920 2663 1167 2743; x_wconf 77' lang='lat' dir='ltr'><strong>wigornenses</strong></span> 
     </span>
     <span class='ocr_line' id='line_1_25' title="bbox 217 2759 1164 2840; baseline 0.003 -21"><span class='ocrx_word' id='word_1_155' title='bbox 217 2759 447 2840; x_wconf 87' lang='lat' dir='ltr'><strong>provinciales</strong></span> <span class='ocrx_word' id='word_1_156' title='bbox 480 2779 558 2823; x_wconf 96' lang='lat' dir='ltr'><strong>cum</strong></span> <span class='ocrx_word' id='word_1_157' title='bbox 588 2761 736 2837; x_wconf 88' lang='lat' dir='ltr'><strong>civibus,</strong></span> <span class='ocrx_word' id='word_1_158' title='bbox 767 2760 932 2823; x_wconf 86' lang='lat' dir='ltr'><strong>seditione</strong></span> <span class='ocrx_word' id='word_1_159' title='bbox 965 2767 1099 2835; x_wconf 84' lang='lat' dir='ltr'><strong>exorta,</strong></span> <span class='ocrx_word' id='word_1_160' title='bbox 1129 2761 1164 2822; x_wconf 92' lang='lat' dir='ltr'><strong>in</strong></span> 
     </span>
     <span class='ocr_line' id='line_1_26' title="bbox 216 2856 1165 2939; baseline 0.002 -21"><span class='ocrx_word' id='word_1_161' title='bbox 216 2857 395 2938; x_wconf 90' lang='lat' dir='ltr'><strong>cujusdam</strong></span> <span class='ocrx_word' id='word_1_162' title='bbox 420 2858 525 2920; x_wconf 87' lang='lat' dir='ltr'><strong>turris</strong></span> <span class='ocrx_word' id='word_1_163' title='bbox 542 2856 783 2939; x_wconf 84' lang='lat' dir='ltr'><strong>Wigornensis</strong></span> <span class='ocrx_word' id='word_1_164' title='bbox 805 2857 1004 2921; x_wconf 90' lang='lat' dir='ltr'><strong>monasterii</strong></span> <span class='ocrx_word' id='word_1_165' title='bbox 1026 2857 1165 2933; x_wconf 89' lang='lat' dir='ltr'><strong>solario,</strong></span> 
     </span>
     <span class='ocr_line' id='line_1_27' title="bbox 217 2955 1163 3037; baseline 0.001 -21"><span class='ocrx_word' id='word_1_166' title='bbox 217 2973 286 3034; x_wconf 93' lang='lat' dir='ltr'><strong>quo</strong></span> <span class='ocrx_word' id='word_1_167' title='bbox 320 2955 455 3017; x_wconf 91' lang='lat' dir='ltr'><strong>celandi</strong></span> <span class='ocrx_word' id='word_1_168' title='bbox 486 2974 594 3018; x_wconf 87' lang='lat' dir='ltr'><strong>causa</strong></span> <span class='ocrx_word' id='word_1_169' title='bbox 631 2956 870 3037; x_wconf 78' lang='lat' dir='ltr'><strong>confugerant,</strong></span> <span class='ocrx_word' id='word_1_170' title='bbox 896 2962 1018 3036; x_wconf 93' lang='lat' dir='ltr'><strong>quarto</strong></span> <span class='ocrx_word' id='word_1_171' title='bbox 1053 2974 1163 3018; x_wconf 89' lang='lat' dir='ltr'><strong>nonas</strong></span> 
     </span>
     <span class='ocr_line' id='line_1_28' title="bbox 217 3052 1314 3133; baseline 0.004 -19"><span class='ocrx_word' id='word_1_172' title='bbox 217 3052 306 3114; x_wconf 91' lang='lat' dir='ltr'><strong>Maii</strong></span> <span class='ocrx_word' id='word_1_173' title='bbox 320 3053 358 3132; x_wconf 88' lang='grc'><strong>[4</strong></span> <span class='ocrx_word' id='word_1_174' title='bbox 374 3052 493 3131; x_wconf 91' lang='lat' dir='ltr'><strong>Maii],</strong></span> <span class='ocrx_word' id='word_1_175' title='bbox 509 3053 595 3116; x_wconf 83' lang='lat' dir='ltr'><strong>seria</strong></span> <span class='ocrx_word' id='word_1_176' title='bbox 610 3053 774 3128; x_wconf 86' lang='lat' dir='ltr'><strong>secunda,</strong></span> <span class='ocrx_word' id='word_1_177' title='bbox 791 3061 1017 3133; x_wconf 82' lang='lat' dir='ltr'><strong>peremerunt.</strong></span> <span class='ocrx_word' id='word_1_178' title='bbox 1063 3053 1164 3117; x_wconf 90' lang='lat' dir='ltr'><strong>Unde</strong></span> <span class='ocrx_word' id='word_1_179' title='bbox 1177 3068 1314 3107; x_wconf 66' lang='lat' dir='ltr'><strong>Hmhacuut</strong></span> 
     </span>
    </p>
   </div>
   <div class='ocr_carea' id='block_1_3' title="bbox 1176 3117 1321 3157">
    <p class='ocr_par' dir='ltr' id='par_1_13' title="bbox 1176 3117 1321 3157">
     <span class='ocr_line' id='line_1_29' title="bbox 1176 3117 1321 3157; baseline 0 -1"><span class='ocrx_word' id='word_1_180' title='bbox 1176 3119 1248 3157; x_wconf 77' lang='lat' dir='ltr'><strong>orden</strong></span> <span class='ocrx_word' id='word_1_181' title='bbox 1262 3117 1321 3156; x_wconf 84' lang='lat' dir='ltr'><strong>Wor·</strong></span> 
     </span>
    </p>
   </div>
   <div class='ocr_carea' id='block_1_4' title="bbox 216 3150 1310 3255">
    <p class='ocr_par' dir='ltr' id='par_1_14' title="bbox 216 3150 1310 3255">
     <span class='ocr_line' id='line_1_30' title="bbox 216 3150 1310 3255; baseline -0.003 -44"><span class='ocrx_word' id='word_1_182' title='bbox 216 3168 291 3224; x_wconf 85' lang='lat' dir='ltr'><strong>rex,</strong></span> <span class='ocrx_word' id='word_1_183' title='bbox 321 3151 374 3211; x_wconf 91' lang='lat' dir='ltr'><strong>ira</strong></span> <span class='ocrx_word' id='word_1_184' title='bbox 400 3159 604 3227; x_wconf 91' lang='lat' dir='ltr'><strong>commotus,</strong></span> <span class='ocrx_word' id='word_1_185' title='bbox 634 3152 678 3214; x_wconf 93' lang='lat' dir='ltr'><strong>ob</strong></span> <span class='ocrx_word' id='word_1_186' title='bbox 706 3151 870 3213; x_wconf 88' lang='lat' dir='ltr'><strong>ultionem</strong></span> <span class='ocrx_word' id='word_1_187' title='bbox 898 3152 990 3213; x_wconf 88' lang='lat' dir='ltr'><strong>necis</strong></span> <span class='ocrx_word' id='word_1_188' title='bbox 1014 3150 1163 3226; x_wconf 90' lang='lat' dir='ltr'><strong>illorum,</strong></span> <span class='ocrx_word' id='word_1_189' title='bbox 1177 3168 1310 3255; x_wconf 49' lang='lat' dir='ltr'><strong>mmo</strong></span> 
     </span>
    </p>
   </div>
   <div class='ocr_carea' id='block_1_5' title="bbox 215 3247 1313 3352">
    <p class='ocr_par' dir='ltr' id='par_1_15' title="bbox 215 3247 1313 3352">
     <span class='ocr_line' id='line_1_31' title="bbox 215 3247 1313 3352; baseline 0.003 -43"><span class='ocrx_word' id='word_1_190' title='bbox 215 3247 324 3310; x_wconf 85' lang='lat' dir='ltr'><strong>Thuri</strong></span> <span class='ocrx_word' id='word_1_191' title='bbox 348 3247 694 3324; x_wconf 89' lang='lat' dir='ltr'><strong>Mediterraneorum,</strong></span> <span class='ocrx_word' id='word_1_192' title='bbox 721 3248 914 3310; x_wconf 87' lang='lat' dir='ltr'><strong>Leosricum</strong></span> <span class='ocrx_word' id='word_1_193' title='bbox 942 3248 1163 3325; x_wconf 89' lang='lat' dir='ltr'><strong>Merciorum,</strong></span> <span class='ocrx_word' id='word_1_194' title='bbox 1177 3265 1313 3352; x_wconf 51' lang='lat' dir='ltr'><strong>munta</strong></span> 
     </span>
    </p>
   </div>
   <div class='ocr_carea' id='block_1_6' title="bbox 215 3344 1276 3427">
    <p class='ocr_par' dir='ltr' id='par_1_16' title="bbox 215 3344 1276 3427">
     <span class='ocr_line' id='line_1_32' title="bbox 215 3344 1276 3427; baseline -0.008 -20"><span class='ocrx_word' id='word_1_195' title='bbox 215 3344 736 3421; x_wconf 85' lang='lat' dir='ltr'><strong>GodwinumWest·Saxonum,</strong></span> <span class='ocrx_word' id='word_1_196' title='bbox 749 3346 937 3408; x_wconf 88' lang='lat' dir='ltr'><strong>Siwardum</strong></span> <span class='ocrx_word' id='word_1_197' title='bbox 949 3345 1164 3427; x_wconf 92' lang='lat' dir='ltr'><strong>Northhym·</strong></span> <span class='ocrx_word' id='word_1_198' title='bbox 1176 3362 1276 3411; x_wconf 66' lang='lat' dir='ltr'><strong>ruma</strong></span> 
     </span>
    </p>
   </div>
   <div class='ocr_carea' id='block_1_7' title="bbox 123 3436 1163 3525">
    <p class='ocr_par' dir='ltr' id='par_1_17' title="bbox 123 3436 1163 3525">
     <span class='ocr_line' id='line_1_33' title="bbox 123 3436 1163 3525; baseline 0.004 -23"><span class='ocrx_word' id='word_1_199' title='bbox 123 3436 126 3442; x_wconf 85' lang='grc'>’</span> <span class='ocrx_word' id='word_1_200' title='bbox 214 3443 364 3516; x_wconf 90' lang='lat' dir='ltr'><strong>brorum,</strong></span> <span class='ocrx_word' id='word_1_201' title='bbox 393 3442 497 3505; x_wconf 79' lang='lat' dir='ltr'><strong>Roni.</strong></span> <span class='ocrx_word' id='word_1_202' title='bbox 517 3443 825 3525; x_wconf 89' lang='lat' dir='ltr'><strong>Magesetensium,</strong></span> <span class='ocrx_word' id='word_1_203' title='bbox 841 3450 876 3506; x_wconf 90' lang='lat' dir='ltr'><strong>et</strong></span> <span class='ocrx_word' id='word_1_204' title='bbox 890 3451 1034 3507; x_wconf 85' lang='lat' dir='ltr'><strong>caeteros</strong></span> <span class='ocrx_word' id='word_1_205' title='bbox 1057 3444 1163 3506; x_wconf 85' lang='lat' dir='ltr'><strong>totius</strong></span> 
     </span>
    </p>
   </div>
   <div class='ocr_carea' id='block_1_8' title="bbox 214 3538 1163 3624">
    <p class='ocr_par' dir='ltr' id='par_1_18' title="bbox 214 3538 1163 3624">
     <span class='ocr_line' id='line_1_34' title="bbox 214 3538 1163 3624; baseline 0.001 -22"><span class='ocrx_word' id='word_1_206' title='bbox 214 3538 351 3619; x_wconf 85' lang='lat' dir='ltr'><strong>Angliae</strong></span> <span class='ocrx_word' id='word_1_207' title='bbox 368 3541 522 3617; x_wconf 87' lang='lat' dir='ltr'><strong>comites,</strong></span> <span class='ocrx_word' id='word_1_208' title='bbox 541 3561 729 3624; x_wconf 89' lang='lat' dir='ltr'><strong>omnesque</strong></span> <span class='ocrx_word' id='word_1_209' title='bbox 752 3542 857 3604; x_wconf 83' lang='lat' dir='ltr'><strong>ferme</strong></span> <span class='ocrx_word' id='word_1_210' title='bbox 875 3560 956 3604; x_wconf 88' lang='lat' dir='ltr'><strong>suos</strong></span> <span class='ocrx_word' id='word_1_211' title='bbox 971 3541 1163 3617; x_wconf 87' lang='lat' dir='ltr'><strong>huscarlas,</strong></span> 
     </span>
    </p>
   </div>
   <div class='ocr_carea' id='block_1_9' title="bbox 210 3718 1164 4128">
    <p class='ocr_par' dir='ltr' id='par_1_19' title="bbox 210 3718 1164 4128">
     <span class='ocr_line' id='line_1_35' title="bbox 249 3718 1164 3789; baseline -0.003 -18"><span class='ocrx_word' id='word_1_212' title='bbox 249 3723 255 3751; x_wconf 86' lang='lat'><em>¹</em></span> <span class='ocrx_word' id='word_1_213' title='bbox 282 3723 378 3782; x_wconf 79' lang='lat' dir='ltr'><strong>Ateger</strong></span> <span class='ocrx_word' id='word_1_214' title='bbox 400 3718 557 3789; x_wconf 62' lang='lat' dir='ltr'><strong>appellatae]</strong></span> <span class='ocrx_word' id='word_1_215' title='bbox 594 3725 627 3775; x_wconf 88' lang='lat' dir='ltr'><strong>A.</strong></span> <span class='ocrx_word' id='word_1_216' title='bbox 647 3724 675 3772; x_wconf 90' lang='lat' dir='ltr'><strong>S.</strong></span> <span class='ocrx_word' id='word_1_217' title='bbox 702 3728 778 3772; x_wconf 89' lang='lat' dir='ltr'><strong>count</strong></span> <span class='ocrx_word' id='word_1_218' title='bbox 805 3723 835 3770; x_wconf 83' lang='lat' dir='ltr'><strong>ol</strong></span> <span class='ocrx_word' id='word_1_219' title='bbox 858 3723 900 3770; x_wconf 85' lang='lat' dir='ltr'><strong>the</strong></span> <span class='ocrx_word' id='word_1_220' title='bbox 924 3723 1007 3782; x_wconf 86' lang='lat' dir='ltr'><strong>Mora,</strong></span> <span class='ocrx_word' id='word_1_221' title='bbox 1031 3722 1073 3770; x_wconf 85' lang='lat' dir='ltr'><strong>the</strong></span> <span class='ocrx_word' id='word_1_222' title='bbox 1097 3721 1164 3770; x_wconf 83' lang='lat' dir='ltr'><strong>Con-</strong></span> 
     </span>
     <span class='ocr_line' id='line_1_36' title="bbox 213 3789 1162 3855; baseline -0.005 -13"><span class='ocrx_word' id='word_1_223' title='bbox 213 3791 341 3855; x_wconf 72' lang='lat' dir='ltr'><strong>aetgar,0.</strong></span> <span class='ocrx_word' id='word_1_224' title='bbox 349 3792 412 3840; x_wconf 88' lang='lat' dir='ltr'><strong>Nor.</strong></span> <span class='ocrx_word' id='word_1_225' title='bbox 420 3791 604 3853; x_wconf 87' lang='lat' dir='ltr'><strong>atgeirr,0.H.</strong></span> <span class='ocrx_word' id='word_1_226' title='bbox 613 3791 675 3842; x_wconf 89' lang='lat' dir='ltr'><strong>Ger.</strong></span> <span class='ocrx_word' id='word_1_227' title='bbox 702 3789 813 3852; x_wconf 86' lang='lat' dir='ltr'><strong>queror&#39;s</strong></span> <span class='ocrx_word' id='word_1_228' title='bbox 825 3791 890 3851; x_wconf 87' lang='lat' dir='ltr'><strong>sbip,</strong></span> <span class='ocrx_word' id='word_1_229' title='bbox 898 3805 940 3839; x_wconf 84' lang='lat' dir='ltr'><strong>see</strong></span> <span class='ocrx_word' id='word_1_230' title='bbox 949 3792 1046 3838; x_wconf 88' lang='lat' dir='ltr'><strong>Roman</strong></span> <span class='ocrx_word' id='word_1_231' title='bbox 1057 3791 1089 3838; x_wconf 89' lang='lat' dir='ltr'><strong>de</strong></span> <span class='ocrx_word' id='word_1_232' title='bbox 1097 3791 1162 3852; x_wconf 88' lang='lat' dir='ltr'><strong>Rou,</strong></span> 
     </span>
     <span class='ocr_line' id='line_1_37' title="bbox 212 3859 925 3926; baseline -0.003 -17"><span class='ocrx_word' id='word_1_233' title='bbox 212 3860 299 3910; x_wconf 73' lang='lat' dir='ltr'><strong>azkdr.</strong></span> <span class='ocrx_word' id='word_1_234' title='bbox 335 3860 386 3907; x_wconf 85' lang='lat' dir='ltr'><strong>For</strong></span> <span class='ocrx_word' id='word_1_235' title='bbox 398 3874 415 3907; x_wconf 89' lang='lat' dir='ltr'><strong>a</strong></span> <span class='ocrx_word' id='word_1_236' title='bbox 425 3860 619 3926; x_wconf 75' lang='lat' dir='ltr'><strong>descriptiones</strong></span> <span class='ocrx_word' id='word_1_237' title='bbox 632 3859 675 3906; x_wconf 86' lang='lat' dir='ltr'><strong>the</strong></span> <span class='ocrx_word' id='word_1_238' title='bbox 702 3873 729 3909; x_wconf 87' lang='lat' dir='ltr'><strong>rr.</strong></span> <span class='ocrx_word' id='word_1_239' title='bbox 745 3875 788 3920; x_wconf 91' lang='lat' dir='ltr'><strong>pp.</strong></span> <span class='ocrx_word' id='word_1_240' title='bbox 802 3863 857 3920; x_wconf 73' lang='lat' dir='ltr'><strong>llo,</strong></span> <span class='ocrx_word' id='word_1_241' title='bbox 868 3862 925 3907; x_wconf 80' lang='lat'><strong>⁵32.</strong></span> 
     </span>
     <span class='ocr_line' id='line_1_38' title="bbox 211 3928 676 3990; baseline -0.013 -12"><span class='ocrx_word' id='word_1_242' title='bbox 211 3928 676 3990; x_wconf 80' lang='lat' dir='ltr'><strong>splendouroftheDanisbvesselsat</strong></span> 
     </span>
     <span class='ocr_line' id='line_1_39' title="bbox 210 3991 1163 4058; baseline -0.004 -12"><span class='ocrx_word' id='word_1_243' title='bbox 210 4000 260 4046; x_wconf 89' lang='lat' dir='ltr'><strong>this</strong></span> <span class='ocrx_word' id='word_1_244' title='bbox 279 3998 376 4058; x_wconf 91' lang='lat' dir='ltr'><strong>period,</strong></span> <span class='ocrx_word' id='word_1_245' title='bbox 388 4012 430 4045; x_wconf 89' lang='lat' dir='ltr'><strong>see</strong></span> <span class='ocrx_word' id='word_1_246' title='bbox 445 3997 549 4045; x_wconf 88' lang='lat' dir='ltr'><strong>Eneom.</strong></span> <span class='ocrx_word' id='word_1_247' title='bbox 567 3996 674 4057; x_wconf 85' lang='lat' dir='ltr'><strong>Emmae,</strong></span> <span class='ocrx_word' id='word_1_248' title='bbox 734 3991 744 4024; x_wconf 80' lang='lat'>²</span> <span class='ocrx_word' id='word_1_249' title='bbox 773 3993 929 4056; x_wconf 66' lang='lat' dir='ltr'><strong>Herculea]</strong></span> <span class='ocrx_word' id='word_1_250' title='bbox 965 3995 1064 4044; x_wconf 88' lang='lat' dir='ltr'><strong>Danish</strong></span> <span class='ocrx_word' id='word_1_251' title='bbox 1094 3995 1163 4056; x_wconf 85' lang='lat' dir='ltr'><strong>body</strong></span> 
     </span>
     <span class='ocr_line' id='line_1_40' title="bbox 210 4064 804 4128; baseline -0.003 -13"><span class='ocrx_word' id='word_1_252' title='bbox 210 4084 237 4128; x_wconf 89' lang='lat' dir='ltr'><strong>p.</strong></span> <span class='ocrx_word' id='word_1_253' title='bbox 250 4072 274 4127; x_wconf 86' lang='lat'><strong>8,</strong></span> <span class='ocrx_word' id='word_1_254' title='bbox 286 4068 347 4116; x_wconf 79' lang='lat' dir='ltr'><strong>edit</strong></span> <span class='ocrx_word' id='word_1_255' title='bbox 360 4066 485 4115; x_wconf 85' lang='lat' dir='ltr'><strong>Maseres.</strong></span> <span class='ocrx_word' id='word_1_256' title='bbox 522 4065 615 4113; x_wconf 85' lang='lat' dir='ltr'><strong>Forun</strong></span> <span class='ocrx_word' id='word_1_257' title='bbox 632 4080 673 4112; x_wconf 84' lang='lat' dir='ltr'><strong>nc·</strong></span> <span class='ocrx_word' id='word_1_258' title='bbox 701 4064 804 4126; x_wconf 77' lang='lat' dir='ltr'><strong>guarda.</strong></span> 
     </span>
    </p>
   </div>
   <div class='ocr_carea' id='block_1_10' title="bbox 942 4161 992 4206">
    <p class='ocr_par' dir='ltr' id='par_1_20' title="bbox 942 4161 992 4206">
     <span class='ocr_line' id='line_1_41' title="bbox 942 4161 992 4206; baseline 0.04 -2"><span class='ocrx_word' id='word_1_259' title='bbox 942 4161 992 4206; x_wconf 75' lang='lat'><strong>02</strong></span> 
     </span>
    </p>
   </div>
   <div class='ocr_carea' id='block_1_11' title="bbox 0 0 1554 4770">
    <p class='ocr_par' dir='ltr' id='par_1_21' title="bbox 0 0 1554 4770">
     <span class='ocr_line' id='line_1_42' title="bbox 0 0 1554 4770; baseline 0 4"><span class='ocrx_word' id='word_1_260' title='bbox 0 0 1554 4770; x_wconf 95' lang='lat' dir='ltr'><strong> </strong></span> 
     </span>
    </p>
   </div>
  </div>
 </body>
</html>
