3098 4770
208 2402 350 2444 monasterie·

208 2458 230 2493 at
238 2453 344 2500 Atheluey

208 2504 251 2542 aud
260 2502 354 2540 shaftes-

208 2554 261 2641 tgdnry
270 2552 347 2591 round·

209 3575 308 3614 Division
317 3575 341 3614 cl

209 3626 243 3663 his
251 3635 352 3663 ravenue.

371 353 437 416 104
741 368 948 414 cuaourcou

373 522 466 586 Nam
482 521 619 584 assidue
643 539 724 582 suos
749 520 941 600 episcopoS,
959 519 1112 595 comites,
1129 538 1169 581 ac
1184 520 1324 599 nobilisf

372 622 477 681 simos
498 619 631 698 sibique
655 618 894 680 dilectissimos
920 617 1106 693 ministros,
1131 625 1166 680 et
1191 639 1326 700 praepo-

372 719 458 779 sitos
475 736 569 793 suos,
586 716 710 780 leniter
733 715 898 792 docendo,
914 715 1097 792 hortando,
1113 717 1324 798 imperando,

373 815 417 877 ad
434 814 591 878 ultimum
607 815 853 898 inobedientes,
868 814 1097 897 postlougam
1112 815 1324 895 patientiam,

373 913 487 976 acrius
510 914 727 996 castigando,
748 915 928 994 vulgarem
955 913 1140 975 stultitiam
1165 921 1200 976 et
1224 915 1326 994 pcrti-

373 1013 507 1076 naciam
533 1012 729 1077 omnimodo
757 1010 999 1086 abominando,
1016 1010 1058 1073 ad
1081 1029 1180 1073 suam
1205 1009 1323 1074 volun-

372 1118 492 1186 tatem,
522 1121 556 1174 et
581 1112 623 1174 ad
651 1130 865 1174 communem
892 1111 999 1172 totius
1026 1109 1121 1190 regni
1141 1109 1324 1172 utilitatem

370 1209 624 1288 sapientissime
641 1206 849 1270 attrahebat.
902 1206 951 1269 At
968 1207 996 1268 si
1013 1208 1102 1269 inter
1119 1207 1248 1287 regalia
1263 1227 1324 1270 ex-

371 1305 600 1379 hortamenta,
632 1312 774 1386 propter
800 1305 978 1386 pigritiam
1001 1304 1131 1385 populi,
1157 1307 1325 1386 imperata

371 1422 439 1466 nou
464 1403 699 1483 implerentur,
720 1409 782 1464 aut
807 1402 905 1464 tarde
931 1402 1081 1483 incepta,
1096 1410 1248 1484 tempore
1265 1423 1325 1466 ne-

371 1500 542 1564 cessitatis
564 1501 606 1564 ad
630 1501 815 1564 utilitatem
841 1502 1076 1563 exercentium
1099 1503 1212 1564 miuus
1229 1502 1325 1564 finita

371 1621 439 1663 nou
457 1599 698 1682 pervenirent,¹
721 1606 757 1662 ut
781 1599 823 1662 de
847 1599 1001 1662 castellis
1022 1600 1124 1663 abeo
1149 1601 1324 1682 imperatis

371 1699 485 1762 adhuc
509 1719 577 1762 non
592 1699 737 1780 inceptis
754 1699 890 1779 loquar,
908 1706 968 1761 aut
989 1698 1130 1760 nimium
1153 1700 1249 1762 tarde
1271 1701 1324 1761 iu·

371 1799 481 1878 ceptis
508 1797 552 1859 ad
578 1798 769 1878 perlectum
793 1795 894 1858 finem
913 1816 981 1858 non
1006 1798 1191 1876 perductis
1206 1806 1240 1861 et
1261 1796 1323 1860 ho·

371 1895 467 1955 stiles
484 1895 593 1974 copiae
609 1902 702 1956 terra
718 1895 872 1973 marique
886 1894 1125 1973 irrumperent,
1143 1903 1224 1958 tunc
1241 1914 1324 1959 con·

371 1992 576 2055 tradictores
597 1991 827 2073 imperialium
851 1990 1100 2068 definitionum,
1120 2013 1198 2056 sera
1212 1995 1323 2074 poeni-

372 2090 480 2153 tentia
504 2087 638 2164 attriti,²
661 2089 795 2170 regalia
819 2108 856 2152 se
882 2098 1059 2171 praecepta
1080 2092 1247 2153 incuriose
1263 2090 1323 2153 de-

370 2189 528 2267 spexisse
553 2187 702 2264 doluere,
718 2186 939 2268 regalemque
957 2189 1164 2268 sapientiam
1176 2217 1180 2227 ·
1193 2188 1322 2251 collau·

371 2283 506 2359 danteS,
517 2283 609 2364 quod
621 2292 724 2346 antea
733 2284 940 2360 refutavere,
952 2285 1035 2347 totis
1047 2286 1174 2348 viribus
1185 2285 1327 2368 implere

372 2383 571 2460 promisere.
625 2381 724 2444 Inter
756 2388 882 2444 caetera
907 2401 985 2462 quae
1013 2403 1076 2446 rex
1101 2382 1191 2448 idem
1219 2384 1334 2464 gessit.

372 2479 476 2556 bona,
515 2480 584 2543 duo
629 2486 828 2542 construere
867 2480 1052 2562 imperavit
1095 2483 1325 2560 monasteria3

372 2597 479 2639 unum
508 2576 754 2641 monachorum
779 2578 816 2639 in
840 2577 933 2641 loco
947 2578 1006 2658 qui
1034 2578 1159 2641 dicitur
1190 2579 1325 2643 AEthel-

371 2675 543 2756 iuga-eg,³
557 2675 616 2738 ubi
632 2675 759 2738 diversi
772 2676 908 2754 generis
922 2675 1098 2738 monachis
1114 2677 1327 2754 coadunatis

371 2774 531 2853 primitus
557 2773 752 2836 Jobann'em
776 2774 1017 2854 presbyterum
1048 2781 1083 2836 et
1108 2776 1325 2852 monachum,

373 2891 500 2951 genere
516 2870 813 2956 hald-Saxonum,
830 2872 989 2934 abbatem
1005 2873 1208 2952 constituit;
1231 2873 1325 2936 aliud

373 2989 512 3050 quoque
548 2970 792 3033 monasterium
819 2967 927 3050 juxta
960 2970 1160 3032 orientalem
1189 2979 1324 3053 portam

373 3065 642 3148 Sccal‘tesbyrig,
656 3067 862 3130 habitationi
879 3068 1190 3131 sanctimonialium
1201 3069 1326 3147 habile,

370 3164 461 3226 idem
485 3184 548 3227 rex
576 3165 747 3227 aedificare
774 3165 970 3244 imperavit,
997 3165 1033 3227 in
1059 3185 1127 3246 quo
1153 3168 1327 3248 propriam

370 3261 477 3324 filiam
493 3262 729 3343 AEthelgeosu,
746 3262 906 3325 devotam
935 3262 1010 3325 Deo
1025 3263 1204 3343 virginem,
1222 3266 1327 3327 abba·

373 3360 492 3422 tissam
508 3362 711 3438 constituit;
736 3379 814 3441 quae
832 3360 900 3422 duo
926 3362 1136 3423 monasteria
1160 3369 1326 3425 terrarum

371 3458 645 3535 possessionibus
677 3459 903 3538 omnibusque
934 3458 1063 3520 divitiis
1090 3458 1326 3540 locupletatim

372 3552 506 3617 ditavit.
552 3553 609 3616 Ad
626 3554 700 3617 haec
716 3555 819 3617 etiam
836 3554 1013 3616 dimidiam
1027 3563 1159 3637 partem
1176 3559 1326 3620 omnium

373 3650 584 3727 divitiarum,
601 3672 678 3733 quae
705 3652 900 3715 annualiter
919 3653 960 3713 ad
987 3672 1064 3714 eum
1091 3673 1168 3716 cum
1188 3654 1328 3737 justitia

373 3748 555 3829 adquisitae
579 3751 758 3831 pervenire
781 3757 1044 3825 consueverant,
1062 3751 1138 3815 Deo
1154 3753 1277 3815 devote
1295 3761 1330 3815 et

408 3955 414 3985 r
435 3955 601 4006 provenirent
612 3958 655 4018 A„
666 3958 840 4018 provenissent
866 3920 983 4039 uitaeffia
1037 3959 1043 3971 '
1056 3922 1256 4040 “n''ft¹'].t.h:1am
1275 3941 1330 3986 poe'

372 4022 403 4072 Β.
985 4007 1058 4052 paene
1070 4007 1191 4041 emnamr
1230 4028 1234 4041 .

903 4057 913 4086 ³
929 4060 1064 4119 Athelney.
