3098 4770
342 357 386 419 72
712 371 919 420 cuuourcor

343 528 419 591 dem
453 526 576 589 insulae
609 534 689 587 ante
729 533 789 587 aut
820 525 922 588 occisi
947 533 1055 600 erant,
1085 531 1146 587 aut
1175 522 1293 586 exules

345 623 588 704 aufugerant.''

193 743 312 782 rasso.
397 721 567 785 Kalendis
597 721 694 786 Junii
725 722 760 803 [l
782 719 894 799 Jun.]‚
910 722 1030 804 vigilia
1060 721 1295 795 Pentecostes,

181 807 322 906 dfidssim.
346 820 601 898 Berlrtferthus,
617 821 709 884 lilius
729 821 820 901 regis
848 820 1056 884 Marciorum
1085 817 1293 891 Beorhtwlfi‚

345 939 447 983 suum
475 923 679 1002 cognatum.
698 920 829 1003 injuste
852 920 997 1001 peremit
1024 919 1059 982 S.
1086 917 1294 981 Wistanum.

346 1019 417 1082 Hic
446 1020 566 1102 itaque
595 1038 703 1101 nepos
733 1018 879 1080 duorum
909 1018 1025 1081 extitit
1053 1035 1172 1096 regum
1202 1014 1297 1076 Mer-

346 1118 500 1194 ciorum;
534 1137 614 1180 nam
644 1125 744 1198 pater
776 1116 852 1198 ejus
884 1115 1126 1196 Wigmundns,
1138 1113 1186 1176 W
1188 1113 1318 1193 iglaui¹

347 1217 438 1295 regis
474 1215 576 1290 filius,
605 1224 716 1277 mater·
741 1232 822 1275 vero
848 1213 996 1277 AElfleda
1028 1212 1179 1277 Ceolwlfi
1204 1211 1295 1292 regis

347 1313 464 1375 extitit
478 1311 560 1374 filia.
613 1309 747 1393 Corpus
762 1318 876 1374 autem
889 1311 982 1374 illius
997 1312 1039 1375 ad
1056 1310 1295 1375 monasterium

348 1420 430 1474 tunc
459 1410 623 1492 temporis
651 1411 834 1485 famosum,
858 1410 948 1491 quod
977 1409 1166 1492 Reopedun
1189 1409 1297 1471 nomi-

347 1518 462 1586 natur,
486 1509 651 1586 delatum,
673 1511 708 1571 in
730 1509 906 1572 mausoleo
930 1511 985 1572 avi
1012 1511 1064 1572 sui
1091 1510 1180 1588 regis
1196 1507 1294 1589 Wig-

348 1609 419 1670 laui
443 1617 497 1671 est
520 1609 740 1671 tumulatum.
793 1607 860 1671 Sed
884 1609 975 1671 illius
1001 1609 1164 1692 martyrio
1196 1608 1296 1671 coele-

348 1706 415 1768 stia
438 1726 507 1769 non
530 1707 667 1770 defuere
693 1707 881 1785 miracula3
905 1727 985 1769 nam
1011 1708 1053 1769 de
1075 1707 1150 1769 loco
1171 1708 1207 1769 in
1229 1725 1297 1788 quo

347 1804 548 1867 innocenter
571 1811 769 1886 peremptus
796 1812 860 1879 est,
890 1805 1048 1867 columna
1074 1805 1159 1867 lucis
1188 1823 1296 1887 usque

348 1901 392 1963 ad
410 1903 538 1965 eoelum
551 1908 723 1984 porrecta,
739 1902 896 1964 omnibus
912 1901 1065 1984 ejusdem
1088 1902 1155 1966 loci
1177 1903 1297 1966 incolis

348 2019 411 2082 per
426 2017 527 2064 xxx.
546 2000 619 2063 dies
635 2000 821 2081 conspicua
837 1997 975 2063 stabat.¹

201 2116 318 2157 anal·
399 2105 421 2134 “
439 2099 542 2164 Ceorl
567 2099 785 2164 ,Domnaniae
822 2118 935 2162 comes
978 2119 1056 2162 cum
1094 2098 1297 2162 Domnaniis
1375 2107 1378 2111 ’

185 2183 314 2273 2ἲίἒέξῖ
348 2204 470 2261 contra
508 2198 672 2278 Paganos
704 2199 884 2279 pugnavit,
916 2198 951 2259 in
978 2196 1055 2260 loco
1086 2196 1145 2278 qui
1175 2195 1300 2259 dicitur

185 2281 284 2370 {W
349 2293 619 2376 Wicganbeorh,
634 2302 669 2359 et
693 2294 880 2358 Christiani
896 2294 1077 2358 victoriam
1098 2294 1303 2358 habuerunt.

184 2404 329 2494 ffihgpgientpr
349 2393 396 2456 Et
410 2395 487 2475 ipso
503 2393 622 2457 eodem
638 2413 730 2457 anno
751 2394 898 2474 primum
913 2393 1149 2457 hiemaverunt
1165 2392 1299 2473 Pagani

259 2466 309 2504 Μ’
347 2492 383 2554 in
413 2493 529 2556 insula
560 2511 637 2574 quae
669 2499 816 2557 vocatur
843 2490 1043 2573 Sceapege,²
1074 2492 1164 2574 quod
1195 2492 1300 2553 inter-

348 2598 508 2672 pretatur
532 2590 653 2654 Insula
677 2591 817 2665 Ovium,
833 2609 911 2672 quae
940 2592 1010 2653 sita
1027 2598 1077 2653 est
1103 2591 1137 2652 in
1161 2589 1300 2652 Tamesi

323 2759 328 2768 ,
349 2689 488 2753 flumine
510 2690 601 2753 inter
623 2688 871 2752 East-Saexum
886 2695 921 2752 et
938 2687 1156 2764 Cantuarios,
1171 2688 1230 2751 sed
1254 2688 1298 2751 ad

350 2787 510 2851 Cantium
536 2789 676 2870 propior
697 2795 751 2850 est
778 2807 881 2868 quam
911 2787 1163 2863 East-Saexum,
1180 2787 1299 2868 inqua

185 2899 304 2988 {mg
348 2887 596 2950 monasterium
614 2887 781 2968 optimum
805 2893 1039 2950 constructum
1056 2893 1117 2949 est.
1170 2886 1300 2949 Eodem

184 2959 487 3067 anrnonroi1quoque
504 3005 594 3048 anno
612 3005 759 3066 magnus
782 2985 1001 3067 Paganorum
1027 2985 1198 3047 exercitus
1221 3003 1298 3047 cum
1398 3008 1399 3011 ¹

347 3098 447 3145 eccm
473 3084 621 3146 navibus
647 3085 682 3146 in
707 3085 833 3146 ostium
859 3084 1017 3146 Tamesis
1033 3082 1179 3146 fluminis
1195 3083 1300 3160 venit,

346 3187 382 3243 et
400 3182 665 3257 Doruberniam,
680 3181 715 3243 id
739 3190 803 3258 est,
821 3181 1092 3245 Cantwariorum
1111 3182 1298 3257 civitatem,

347 3286 381 3341 et
406 3279 635 3355 Lundoniam,
660 3299 738 3362 quae
763 3287 816 3342 est
845 3281 913 3343 sita
941 3281 977 3343 in
1007 3280 1193 3362 aquilonali
1223 3281 1298 3360 ripa

346 3377 504 3441 Tamesis
537 3379 699 3454 fluminis,
729 3380 765 3441 in
803 3378 949 3443 confinio
981 3377 1222 3442 East-Saexum
1263 3387 1300 3440 et

347 3475 654 3551 Middel-Saexum‚
677 3477 737 3539 sed
762 3484 876 3539 tamen
904 3478 947 3539 ad
973 3477 1216 3540 East-Saexum
1237 3476 1298 3539 illa

346 3575 469 3637 civitas
495 3595 573 3638 cum
595 3576 743 3637 veritate
770 3577 929 3656 pertinet,
963 3575 1161 3656 depopulati
1192 3582 1320 3696 sungi

380 3808 518 3871 ¹Stubat.]
548 3809 676 3857 Defuncto
697 3808 811 3856 Waeren-
836 3809 966 3869 incorrat,
995 3823 1023 3856 as
1051 3809 1071 3856 it
1095 3809 1118 3857 is
1142 3809 1198 3857 said
1224 3782 1299 3872 (sid.
1399 3810 1407 3823 ’·

344 3881 432 3928 berhta
450 3879 719 3940 Legerensipraesule,
734 3878 812 3926 Reth-
837 3877 929 3927 Chron.
952 3892 977 3926 a.
1001 3875 1071 3940 855),
1090 3877 1142 3926 ‘In
1163 3877 1213 3925 this
1236 3872 1298 3936 ye'ar

344 3948 575 3996 hunussuecessit.
603 3947 698 3996 dulia
709 3962 789 3995 nunu.
836 3947 878 3994 the
901 3946 1007 3995 heathen
1031 3961 1096 4007 men,
1113 3946 1157 4004 fur
1181 3946 1221 3992 tlte
1236 3945 1298 4008 first

380 4015 546 4078 ²Sceupege.]
568 4016 615 4063 ‘on
632 4017 729 4065 Tenet!
752 4016 811 4063 Sax.
837 4017 902 4075 time,
925 4016 1052 4064 remained
1075 4030 1134 4063 over
1155 4015 1244 4063 winter
1271 4015 1298 4062 in

345 4084 437 4134 Chron.
487 4084 588 4144 Shepey
613 4084 635 4131 is
662 4084 811 4145 apparently
838 4084 957 4144 Shepey!
1293 4098 1296 4103 ’
