3098 4770
440 347 629 394 rnonnnrn
656 346 930 395 wroonnrnnsrs.
1117 333 1161 396 48

214 502 316 564 simul
333 511 368 565 et
395 503 565 565 industria
579 509 717 582 gentem
735 521 832 564 suam
856 505 899 566 ab
922 511 1090 566 extranea
1111 505 1161 565 in·
1221 538 1227 545 ·

214 602 355 664 vasione
385 602 567 679 liberavit;
595 621 672 665 cum
703 621 772 683 quo
803 621 867 666 rex
895 602 1160 666 Sueabheardus

215 710 347 780 partem
362 701 460 781 regni
477 699 610 765 tenuit.²

265 797 493 862 Venerandus
518 806 645 861 etcum
663 800 757 863 omni.
772 799 1033 862 honorificentia
1050 798 1160 861 nomi·
1191 817 1252 857 nn.
1263 819 1309 857 aar.

214 897 348 959 nandus
366 897 570 976 Ecgbertus,
585 898 724 960 natione
739 896 888 979 Anglus
904 897 964 979 qui
980 898 1016 959 in
1031 896 1159 960 Hiber·
1172 883 1293 972 EQ*

215 994 273 1056 nia
286 994 412 1070 insula,
429 1014 493 1076 pro
512 995 730 1076 adipiscenda
747 998 783 1059 in
800 996 898 1059 coelis
912 996 1036 1077 patria,
1052 997 1160 1059 vitam
1172 984 1293 1031 ⁶⁰¹¹²²⁸¹¹'²

215 1092 317 1156 duxit
332 1093 560 1175 peregrinam,
579 1113 655 1156 cum
673 1095 716 1158 ad
736 1094 994 1175 praedicandum
1017 1094 1053 1156 in
1071 1092 1160 1157 Ger-

213 1192 364 1254 maniam
379 1193 497 1255 venire
521 1193 624 1255 vellet
649 1213 712 1256 nec
729 1193 872 1269 valeret,
887 1192 1004 1256 divina
1020 1193 1086 1255 sibi
1100 1211 1162 1256 vo·

214 1290 347 1353 luntate
371 1289 585 1368 obsistente,2
601 1292 695 1355 misit
709 1292 770 1356 illo
786 1293 924 1374 inopus
942 1291 1052 1355 Verbi
1066 1292 1160 1354 viros

214 1396 353 1453 sanctos
381 1397 416 1453 et
444 1391 642 1468 industrios,
668 1392 704 1454 in
725 1392 850 1473 quibus
875 1391 1022 1455 eximius
1039 1390 1160 1454 Wille·

215 1487 359 1550 brordus
376 1490 569 1569 presbyteri
583 1489 694 1569 gradu
710 1496 745 1552 et
765 1491 887 1552 merito
906 1489 1157 1570 prael'ulgebat3

214 1604 300 1665 quos
323 1594 505 1667 gratanter
528 1587 599 1649 dux
625 1587 838 1651 Francorum
857 1587 1027 1668 Pippinus
1045 1588 1158 1650 senior
1171 1603 1306 1692 graffio

212 1687 376 1767 suscepit,
403 1694 439 1750 et
462 1686 506 1748 ad
527 1686 784 1768 praedicandum
807 1688 842 1749 in
866 1687 1059 1749 citeriorem
1075 1686 1158 1748 Fre·
1188 1663 1230 1692 ‘m
1284 1679 1291 1693 ’

213 1783 300 1846 siam
329 1785 435 1848 misit.
488 1785 624 1850 Horum
647 1787 757 1849 secuti
781 1785 953 1866 exempla,
976 1785 1045 1847 duo
1062 1803 1157 1865 pres·
1171 1800 1294 1888 muneror

212 1882 324 1963 byteri
351 1881 514 1946 Hewaldi
540 1884 717 1959 nominati,
736 1883 934 1947 donatione
951 1856 1306 1988 Αυς]οπιιιῐι,ἷιὲνῖἓῖιῑιι

136 1972 137 1975 '
212 1989 380 2045 venerunt
393 1981 437 2044 ad
449 1981 660 2062 provinciam
673 1980 906 2064 Antiquomm
919 1981 1108 2057 Saxonum,
1120 1951 1190 2044 ut⁰
1236 1959 1315 1997 Μ’

211 2080 260 2143 ibi
277 2081 413 2162 aliquos
433 2080 650 2162 praedicando
672 2079 812 2144 Christo
830 2080 1070 2160 adquirerent:
1097 2079 1159 2142 sed

212 2187 252 2241 ut
269 2187 509 2259 cognoverunt
530 2179 666 2242 barbari
695 2179 786 2260 quod
811 2185 925 2242 essent
943 2177 1086 2241 alterius
1102 2197 1159 2241 re·
1183 2181 1185 2185 ’
1256 2254 1259 2262 ¹

212 2276 364 2357 ligionis
388 2277 468 2341 illos
497 2284 699 2359 rapuerunt,
727 2285 762 2342 et
788 2282 837 2341 ν’).
859 2295 1027 2341 nonarum
1051 2275 1159 2340 Octo·

211 2375 323 2437 brium
338 2373 672 2456 martyrizaverunt.³
715 2375 980 2451 willebrordus,
995 2376 1079 2438 data
1094 2375 1160 2438 sibi
1171 2394 1299 2435 wunsam

213 2472 406 2555 aprincipe
429 2472 579 2555 Pippino
602 2473 743 2537 licentia
765 2473 985 2555 praedicandi,
999 2474 1064 2538 ivit
1084 2473 1159 2537 Ro·
1171 2448 1253 2534 ll'ni?

212 2589 315 2646 mam,
330 2581 371 2634 ut
394 2590 472 2635 cum
491 2571 630 2657 licentia
645 2571 757 2653 Sergii
777 2591 877 2654 papae
900 2572 1160 2652 evangelizandi

212 2688 299 2750 opus
335 2670 462 2750 iniret3
497 2672 557 2752 qui
587 2690 666 2733 cum
695 2672 750 2733 sui
784 2672 857 2734 voti
888 2681 1033 2752 compos
1057 2678 1161 2734 esset

211 2767 364 2843 effectus,
379 2768 425 2831 ad
447 2769 702 2851 praedicandum
724 2766 851 2833 rediit⁴
881 2768 1298 2849 ··Brybtwaldus,rrrhtn1d

1172 2835 1273 2875 nucem·

212 2867 363 2948 quierat
378 2868 487 2930 abbas
512 2868 550 2929 in
572 2868 781 2931 monasterio
804 2867 896 2949 quod
908 2866 1015 2948 juxta
1032 2867 1159 2931 ostium
1171 2885 1299 2933 musanen

213 2965 411 3047 aquilonale
422 2965 572 3029 fluminis
584 2960 752 3029 Genlade⁶
768 2967 919 3046 positum
936 2964 1069 3029 Raculs
1072 2957 1085 2999 ⁶
1099 2985 1159 3029 no·
1171 2934 1289 2975 mm

211 3066 373 3138 minatur,
392 3064 446 3127 vir
462 3065 605 3127 scientia
631 3064 887 3146 Scripturarum
911 3063 1076 3139 imbutus,
1099 3065 1160 3127 sed
1205 3069 1207 3071 ’

212 3171 247 3225 et
265 3162 507 3226 ecclesiasticis
537 3162 639 3225 simul
664 3180 706 3224 ac
729 3162 1030 3226 monasterialibus
1057 3161 1161 3225 disci-

212 3260 315 3342 plinis
331 3279 464 3323 summe
483 3261 682 3337 instructus,
698 3280 761 3342 pro
778 3259 960 3343 Theodoro
974 3259 1010 3322 in
1028 3260 1160 3341 cpisco-

212 3366 331 3439 patum
355 3367 409 3421 est
432 3357 587 3422 electus.⁷
647 3359 818 3422 Defuncto
844 3357 981 3421 Oftforo
1008 3357 1160 3421 Wiccio-
1173 3374 1317 3423 scamna

1172 3425 1273 3462 succeeds

211 3477 287 3519 rum
311 3459 484 3539 episcopo,
504 3465 642 3522 sanctus
669 3457 854 3538 Ecgwinus
878 3475 941 3538 pro
964 3475 1004 3519 eo
1029 3475 1160 3538 praesu·
1173 3474 1247 3572 3¹13}ss
1247 3474 1290 3561 furh
1291 3532 1304 3561 ο

245 3689 255 3787 ζ
272 3690 309 3740 H.
321 3690 352 3738 E.
365 3702 399 3738 ιν.
410 3694 453 3738 26.
735 3685 745 3713 ⁴
764 3686 800 3734 H.
813 3686 842 3733 E.
856 3698 879 3732 v.
893 3689 933 3733 11.

244 3759 516 3893 3Ξ11δᾶννῷἓὲαυενιιηί]
535 3826 575 3874 lb.
589 3838 614 3873 v.
634 3827 673 3884 10,
733 3786 891 3860 ⁵Geumi]
910 3792 979 3840 ΝΜ
989 3792 1032 3840 the

208 3899 294 3946 where
310 3912 326 3944 a
344 3894 543 3944 circumstantial
566 3900 673 3941 account
732 3912 743 3942 r
762 3911 874 3973 Rufum
892 3910 1027 3958 Reculver·

210 3969 238 4016 os
247 3967 289 4014 the
300 3965 453 4025 martyrdom
464 3964 493 4011 of
504 3962 545 4011 the
557 3967 607 4010 two
620 3961 673 4009 He-

209 4037 291 4084 walds
303 4037 326 4084 is
337 4036 423 4097 given.
731 4025 741 4061 7
759 4028 795 4077 H.
809 4028 840 4076 E.
853 4040 876 4076 v,
889 4032 914 4077 8.
950 4026 1010 4078 Sar.
1024 4025 1116 4076 Chrou.

1043 3791 1142 3839 Inlade.
