3098 4770
433 346 625 392 rcoaunrn
651 344 928 394 wrcoaursusrs.
1098 328 1162 392 139

209 501 335 561 summi
346 499 536 578 CreatoriS,
549 503 794 566 monachorum
804 510 840 565 et
851 501 1160 565 sanctimonialium

210 606 370 661 catervas
393 602 610 680 aggregavit,
628 611 662 664 et
676 602 860 683 plusquam
876 617 937 663 xc.
953 601 1160 663 monasteria

211 715 288 758 curn
314 698 364 759 eis
386 699 550 761 constitui
567 699 693 780 jussit;
718 719 805 780 quos
831 718 948 762 omnes
974 709 1014 762 ut
1036 698 1160 761 fratres

210 793 415 871 honorabat,
444 805 479 859 et
503 808 543 861 ut
567 799 655 860 filios
679 800 874 861 carissimos
898 797 1073 878 diligebat,
1100 796 1162 858 ad-

211 912 355 956 monens
372 913 434 975 per
449 914 487 957 se
502 904 673 976 pastores,
691 914 779 976 quos
806 897 890 978 ipsis
906 896 1105 977 praeposuit,
1120 901 1161 956 ut

135 999 138 1004 ’
209 990 288 1052 illos
313 993 521 1071 regulariter
546 1001 582 1056 et
604 994 944 1075 irreprehensibiliter
960 994 1073 1057 vivere
1100 991 1161 1056 ad-

212 1098 403 1166 monerent,
430 1102 601 1171 quatenus
629 1092 767 1156 Christo
799 1100 834 1155 et
862 1093 990 1154 sanctis
1018 1091 1092 1172 ejus
1124 1091 1161 1152 in

212 1189 370 1250 omnihus
403 1190 590 1270 placerent.
644 1191 730 1254 Erat
754 1193 872 1271 itaque
896 1192 949 1253 vir
979 1191 1160 1264 discretae,

212 1286 316 1361 mitis,
354 1286 505 1363 humilis,
543 1289 725 1368 benignus,
759 1288 925 1364 liberaliS,
956 1288 1160 1363 misericors,

212 1385 435 1465 armipotens,
461 1386 658 1462 bellicosus,
685 1386 769 1469 jura
791 1387 888 1468 regni
918 1387 1040 1450 bellica
1063 1395 1161 1467 pote-

212 1490 302 1544 state
331 1485 494 1564 regaliter
522 1492 728 1566 protegens3
753 1486 917 1567 populum
939 1486 975 1546 in
997 1485 1161 1565 obsequio
1191 1488 1193 1490 ’

212 1582 418 1662 principum,
433 1583 604 1663 principes
620 1585 664 1646 ad
675 1585 848 1665 justitiam
860 1584 1079 1664 imperiorum
1093 1582 1162 1644 for-

213 1681 334 1754 mavit,
371 1679 466 1758 leges
505 1691 619 1743 rectas
650 1683 813 1755 instituit,
844 1699 951 1759 regno
991 1681 1158 1760 tranquil·

213 1778 343 1839 lissimo
359 1779 491 1858 potitus
507 1785 582 1841 est:
606 1797 718 1859 neque
733 1779 823 1841 bello
852 1779 957 1840 aliurn
974 1777 1155 1851 lacessere,

216 1894 326 1954 neque
343 1876 523 1938 lacessitus
548 1876 674 1939 inferre
700 1877 759 1940 alii
783 1877 910 1939 bellum
935 1895 1073 1939 necesse
1099 1876 1161 1937 ha·

216 1974 311 2044 buit;
336 1974 396 2034 sed
419 1975 516 2053 regni
537 1976 592 2036 sui
615 1975 701 2038 fines
730 1975 924 2056 prudentia,
950 1973 1161 2047 fortitudine,

210 2070 362 2152 justitia,
387 2073 626 2151 temperantia,
655 2074 768 2153 quoad
797 2073 897 2146 vixit,
924 2071 1000 2134 Deo
1039 2071 1163 2134 auxili-

214 2176 306 2244 ante,
327 2168 535 2248 custodivit;
559 2176 594 2232 et
617 2172 780 2250 quoniam
798 2171 884 2232 iram
907 2169 1029 2232 ferocis
1052 2170 1162 2231 leonis

214 2273 336 2328 contra
368 2267 524 2330 inimicos
556 2267 688 2343 habuit,
729 2287 798 2331 non
830 2267 942 2330 solum
971 2268 1161 2330 insularum

214 2365 388 2444 principes
413 2371 448 2426 et
470 2367 610 2445 tyranni
636 2367 734 2430 illum
760 2367 1018 2447 pertimuerunt,
1043 2385 1160 2428 verum

214 2463 319 2524 etiam
348 2481 447 2541 reges
477 2463 704 2542 plurimarum
738 2463 903 2543 gentium,
931 2464 1040 2543 ipsius
1065 2463 1163 2524 audi-

214 2567 312 2622 entes
326 2561 533 2642 sapientiam
556 2568 591 2623 et
615 2562 867 2636 strenuitatem,
883 2561 1022 2642 quidam
1040 2561 1162 2623 timore

215 2664 320 2737 atque
336 2665 467 2720 terrore
489 2658 640 2739 perculsi
656 2667 749 2736 sunt,
766 2659 904 2741 quidam
920 2676 1002 2721 vero
1017 2677 1079 2739 pro
1098 2677 1164 2720 sua

214 2755 451 2818 munificentia
475 2774 553 2818 eum
568 2756 769 2838 diligebant,
787 2757 1014 2831 honorabant,
1030 2757 1162 2835 magni-

214 2853 347 2933 ficeque
397 2853 599 2916 laudabant.
657 2854 852 2937 Imperator
888 2854 992 2916 etiam
1033 2854 1162 2933 primus
1175 2880 1325 2928 mumma

216 2950 315 3026 Otto,
343 2952 404 3031 qui
432 2970 532 3014 suam
564 2952 705 3015 amitam
735 2953 770 3015 in
792 2950 974 3033 conjugem
1000 2929 1299 3026 habehatsshiz'ind'

215 3049 302 3111 mira
319 3049 370 3111 illi
390 3069 533 3112 munera
557 3051 697 3128 direxit,
713 3059 749 3114 et
773 3070 849 3114 cum
879 3069 919 3112 eo
945 3056 1084 3129 pactum
1106 3027 1317 3115 firsshilffinm
1375 3070 1379 3082 ·

215 3148 375 3209 missimae
392 3149 488 3226 pacis
502 3148 665 3210 firmavit.
1039 3192 1041 3195 -
1090 3163 1107 3194 '·
1174 3126 1288 3213 illinir’m.

267 3244 415 3306 Sanctus
431 3245 636 3307 Dunstanus
662 3245 705 3307 ad
728 3244 935 3307 Romuleam
950 3244 1162 3325 urbempro·
1190 3271 1308 3309 auaro.

215 3343 337 3417 fectus,
355 3342 541 3406 indictione
565 3345 678 3418 tertia,
694 3343 837 3423 pallium
855 3360 875 3403 a
890 3342 913 3404 J
916 3342 1050 3405 ohanne
1072 3360 1163 3423 papa
1174 3337 1276 3433 ἓξὲξ

214 3440 383 3519 suscepit:
419 3440 536 3520 eloque
567 3460 630 3521 per
661 3441 757 3521 pacis
791 3441 916 3502 itinera
946 3440 989 3501 ad
1017 3441 1163 3519 patriam
1175 3435 1251 3473 Μ’·

215 3538 395 3601 remeavit.
448 3536 576 3600 Paucis
612 3540 736 3601 exinde
762 3539 936 3600 mensibus
961 3537 1259 3618 interjectisque

215 3635 348 3715 regalia
371 3635 459 3715 petit
484 3636 613 3723 limina,
624 3637 770 3717 januam
797 3637 901 3715 regiae
926 3636 1066 3714 pietatis
1082 3652 1163 3714 sug·
1176 3605 1316 3693 hfflfohl‘ffi

215 3735 371 3814 gestione
398 3750 568 3812 preceque
592 3734 710 3814 pulsat
737 3733 939 3807 humillima,
964 3739 1004 3793 ut
1028 3732 1164 3810 religio-

212 3851 300 3904 sum,
319 3830 447 3904 mitem,
465 3829 696 3910 humilemque
713 3830 931 3903 monachum,
956 3830 1010 3890 sui
1032 3830 1163 3909 praede·

213 3929 358 3992 cessoris
385 3926 515 3989 Odonis
543 3927 752 4002 fratruelem,
769 3928 811 3991 Β.
829 3926 1041 4002 Oswaldum,
1064 3947 1164 4007 quem

214 4029 248 4088 in
278 4028 399 4089 timore
426 4024 555 4101 divino,
584 4027 783 4106 sanctisque
810 4027 977 4088 virtutum
1004 4026 1164 4106 operibus
