3098 4770
368 322 436 386 226
746 336 969 384 cnnorucon·

204 503 326 592 amar
370 493 453 554 licet
473 489 553 571 plus
577 491 778 572 quingentis
800 491 935 571 magnis
961 489 1119 561 navibus,
1147 484 1324 548 Haraldus

205 603 317 652 uelud:
372 588 409 650 H
413 587 575 667 arvagra¹
592 608 653 653 rex
672 589 966 669 Norreganornm,
977 584 1094 650 nnec
1108 585 1219 647 sancti
1233 583 1325 663 regis

373 684 491 760 Olavi,
507 686 544 748 in
560 689 650 752 ostio
660 688 761 751 'linae
777 687 927 748 fluminis
941 685 1128 767 improvise
1141 680 1323 763 applicuit3

373 783 417 845 ad
440 802 543 864 quem
571 804 688 849 comcs
721 784 875 858 Tostius,
904 792 944 845 ut
967 783 1064 864 prius
1088 780 1325 851 condixerant,

372 900 438 944 sua
469 901 548 945 cum
581 884 693 947 classe
720 884 826 958 venit,
859 890 895 944 et
931 881 1039 945 citato
1068 897 1171 942 cursu
1197 877 1323 940 ostium

373 979 548 1044 Humbrae
578 982 730 1044 fluminis
755 982 982 1055 intraverunt,
1009 986 1046 1040 et
1076 978 1127 1039 sic
1158 975 1324 1038 adversus

373 1096 513 1138 cursum
553 1079 639 1140 Usae
670 1078 820 1140 fluminis
849 1078 1065 1157 navigantes,
1095 1075 1131 1135 in
1159 1073 1236 1136 loco
1263 1072 1325 1151 qui

374 1173 525 1236 Ricbale
553 1175 682 1237 dicitur
710 1175 959 1256 applicuerunt.
1020 1170 1124 1249 Quod
1159 1171 1219 1233 ubi
1250 1169 1325 1249 regi

375 1268 535 1334 Haroldo
557 1273 719 1346 innotuit,
746 1291 867 1335 versus
890 1269 1197 1353 Northhymbriam
1220 1284 1326 1348 expc-

238 1439 301 1468 mn
373 1366 541 1431 ditionem
578 1389 725 1451 propere
751 1371 872 1433 movit.
932 1368 1000 1432 Sed
1033 1369 1233 1449 priusquam
1260 1382 1325 1427 rex

247 1489 317 1518 rere·
373 1465 458 1528 illuc
494 1468 642 1542 veniret,
679 1467 749 1530 duo
787 1469 941 1547 germani
975 1467 1130 1540 comites,
1169 1462 1325 1526 videlicet

374 1563 543 1626 Edwinus
571 1573 606 1628 et
632 1564 833 1640 Morkarus,
856 1585 933 1628 cum
958 1564 1090 1644 ingenti
1113 1561 1266 1625 exercitu
1288 1559 1324 1621 in

271 1744 277 1754 .
374 1663 497 1742 vigilia
520 1663 557 1727 S.
575 1664 738 1728 Matthaei
754 1663 915 1744 Apostoli
932 1660 992 1747 [20
1015 1658 1142 1745 Sept.],
1164 1659 1248 1722 seria
1262 1674 1324 1733 1v.,

373 1760 410 1821 in
441 1762 573 1824 boreali
599 1763 676 1843 ripa
699 1763 783 1825 Usae
806 1762 968 1836 fluminis,
986 1761 1093 1842 juxta
1119 1759 1323 1831 Eboracum,

374 1874 454 1917 cum
471 1857 688 1938 Norreganis
711 1859 872 1938 proelium
893 1859 1104 1931 commisere,
1117 1865 1154 1919 et
1168 1857 1203 1917 iu
1215 1855 1326 1934 primo

373 1952 458 2014 belli
484 1953 616 2037 impetn
633 1955 779 2017 viriliter
803 1961 1009 2035 pugnantes,
1022 1953 1150 2015 multos
1174 1960 1326 2032 prostra-

375 2070 469 2114 vere.
529 2050 581 2115 At
610 2060 796 2134 postquam
828 2051 885 2115 diu
917 2059 1088 2115 certatum
1124 2056 1190 2125 est,
1217 2046 1327 2128 Angli

376 2147 662 2229 Norreganorum
687 2152 854 2232 impetum
882 2168 951 2214 nou
985 2148 1197 2223 sufferentes,
1234 2144 1326 2208 band

374 2245 449 2307 sine
457 2264 569 2326 parvo
578 2247 785 2311 detrimento
794 2266 947 2323 suorum,
960 2254 1060 2326 terga
1076 2245 1219 2318 deder03
1240 2242 1329 2306 mul-

375 2348 483 2422 toque
498 2343 616 2424 plures
627 2363 673 2406 cx
688 2343 758 2407 illis
774 2345 810 2406 in
826 2345 931 2408 fluvio
946 2344 1093 2407 demersi
1111 2343 1207 2405 fuere
1221 2360 1325 2422 quam

374 2439 411 2500 in
426 2440 501 2503 acie
516 2441 681 2505 occidere.
733 2441 930 2522 Norregani
946 2460 1027 2504 vero
1047 2440 1125 2502 loco
1150 2440 1328 2503 dominan-

375 2543 434 2599 tur
448 2538 592 2614 suueris,
609 2547 644 2602 et
663 2539 840 2603 obsidibus
861 2557 915 2603 cn.
931 2538 975 2602 de
994 2539 1152 2601 Eboraca
1170 2537 1329 2617 sumptis,

375 2634 420 2696 ad
450 2654 557 2698 naves
582 2638 805 2718 repedarunt,
828 2637 957 2701 relictis
981 2636 1018 2699 iu
1042 2654 1085 2698 ea
1109 2635 1153 2698 de
1179 2634 1250 2697 suis
1271 2650 1325 2696 cb

374 2733 563 2797 obsidibus.
616 2735 750 2798 Verum
772 2735 893 2815 quinto
918 2742 999 2816 post
1019 2734 1093 2796 baec
1113 2732 1181 2808 die,
1205 2732 1325 2805 idest,

377 2846 441 2892 vn.
467 2830 539 2894 kal.
562 2832 725 2896 Octobris
750 2832 811 2913 [25
836 2832 961 2914 Sept.],
976 2832 1062 2894 teria
1086 2829 1248 2905 secunda,
1263 2848 1328 2892 rex

375 2926 571 3008 Anglorum
587 2930 780 3006 Haroldus,
789 2931 907 2993 multis
921 2929 1072 2993 millibus
1086 2934 1328 3010 pugnatorum,

375 3026 482 3088 armis
508 3027 643 3090 bellicis
667 3029 927 3101 instructorum,
953 3028 1147 3090 Eboracum
1177 3026 1328 3099 veniens,

376 3129 411 3184 et
431 3122 649 3205 Norreganis
662 3126 699 3187 in
713 3125 790 3188 loco
806 3128 866 3207 qui
881 3124 1190 3205 stanford-brycge
1205 3122 1331 3184 dicitur

376 3239 574 3297 occurrens,
590 3223 626 3285 iu
653 3242 713 3286 ore
737 3223 846 3304 gladii
866 3243 982 3303 regem
1009 3221 1204 3284 Haraldum
1223 3220 1329 3282 comi·

378 3326 518 3400 temque
534 3320 706 3396 Tostium‚
722 3340 800 3384 cum
816 3322 939 3404 majori
964 3327 1062 3402 parte
1079 3319 1133 3381 sui
1148 3318 1331 3391 exercitus,

377 3415 518 3490 occidit,
564 3437 606 3480 ao
644 3419 782 3499 plenam
822 3419 1017 3492 victoriam,
1050 3417 1131 3479 licet
1167 3416 1331 3478 acerrime

377 3521 573 3592 pugnatum
597 3516 732 3590 suisset,
757 3516 890 3578 habuit.
945 3515 1073 3578 Filium
1104 3521 1221 3576 autem
1253 3512 1330 3594 ejus

378 3609 543 3686 Olavum,
559 3620 595 3676 et
612 3615 772 3677 comitem
800 3613 843 3676 de
868 3613 1006 3676 Orcada
1032 3611 1157 3686 insula,
1183 3609 1331 3673 Paulum

375 3709 526 3786 nomine,
542 3711 603 3792 qui
620 3712 664 3773 ad
680 3729 787 3773 naves
802 3711 1046 3774 custodiendas
1061 3729 1140 3773 cum
1156 3710 1330 3772 exercitus

388 3951 390 3955 ’
409 3952 415 3981 ¹
436 3957 591 4020 Hanagrn]
604 3959 651 4006 See
660 3975 684 4019 p.
695 3963 751 4018 200,
760 3957 839 4008 notet.
865 3959 924 4019 only
935 3960 964 4007 oi
978 3960 1014 4010 St.
1028 3960 1098 4020 olaf,
1110 3974 1141 4007 ou
1159 3959 1200 4006 tbe
1214 3957 1333 4006 mother's

406 4021 417 4048 ²
435 4025 545 4087 Protea]
562 4027 840 4075 Hewasnaltnrotber
865 4029 929 4077 side.
