3098 4770
435 350 625 397 rnonurvrrr
651 350 933 399 wroonrvrnrvsrs
1097 337 1163 400 157

210 508 276 562 tem
304 502 500 578 incurrisse,
527 513 561 566 et
585 505 629 566 ob
645 504 710 568 boc
726 523 803 566 cum
820 506 976 567 hostibus
999 504 1163 567 dimicare

209 600 426 678 nequivisse3
472 602 569 682 quus
601 602 758 664 inertiam
789 612 824 665 et
862 603 1081 666 timiditatem
1122 612 1163 665 ut

210 696 295 759 vidit
312 699 496 773 exercitus,
515 717 537 759 a
551 699 622 760 suis
634 700 781 763 inimicis
797 702 871 763 sine
887 719 1004 782 pugna
1020 699 1164 762 divertit

210 796 474 858 moestissimus:
498 796 587 858 unde
618 798 748 859 dictum
773 806 826 860 est
850 801 885 861 in
910 799 1052 879 antiquo
1083 816 1162 878 pro·

211 893 340 968 verbio,
374 893 638 956 ‘Tremescente
676 895 762 958 duce
792 897 828 956 in
867 896 1005 975 proelio,
1045 896 1163 959 caeteri

210 1008 328 1052 onmes
353 992 569 1071 proeliatores
587 991 781 1054 efficiuntur
792 993 1013 1071 pavidiores?
1048 992 1163 1054 Sivein

212 1095 327 1149 autern
344 1088 464 1150 videns
492 1088 685 1168 Anglorum
712 1091 988 1164 inconstantiam,
1006 1089 1050 1151 ad
1077 1091 1162 1152 civi·

212 1191 317 1246 tatem
335 1185 540 1248 Wiltoniam
562 1206 664 1248 suum
682 1188 782 1250 duxit
797 1189 1000 1263 exercitum,
1018 1207 1163 1268 eamque

212 1282 411 1346 devastavit
444 1293 478 1346 et
508 1285 670 1346 incendit.
733 1285 843 1347 Simili
882 1305 1021 1366 quoque
1061 1287 1163 1347 modo

212 1379 452 1463 Searebyriam
467 1383 692 1462 consumpsit,
711 1390 745 1444 et
771 1389 851 1462 post
878 1401 961 1444 suas
983 1402 1089 1444 naves
1112 1402 1167 1444 re·

212 1479 337 1559 petiit.¹
408 1480 587 1560 [Kilianus
634 1481 741 1542 abbas
793 1480 990 1543 Scottorum
1045 1480 1166 1544 Sancti

214 1577 372 1650 Martini,
407 1579 548 1657 ipseque
578 1578 731 1652 Scottus,
767 1580 853 1640 obiit
886 1595 967 1643 xrx.
999 1578 1070 1640 kal.
1104 1578 1168 1641 Ja-

215 1676 326 1737 nuarii
361 1675 420 1756 [14
452 1675 565 1754 Dec.].
642 1674 767 1738 Helias
801 1675 942 1738 Scottus
975 1684 1055 1756 post
1087 1694 1167 1737 eum

213 1774 409 1852 successit]

266 1869 347 1931 Rex
364 1871 542 1934 Danorum
571 1871 686 1934 Swein
708 1891 787 1934 cum
813 1891 877 1935 sua
901 1873 1010 1935 classe
1038 1869 1168 1934 North·
1193 1879 1326 1919 ΗΜ·

214 1967 279 2030 wic
295 1966 472 2042 advectus,
486 1969 581 2031 illam
597 1970 792 2033 devastavit
810 1977 846 2033 et
861 1970 1022 2033 incendit.
1068 1968 1168 2032 Tunc
1181 1943 1322 2037 midi?

214 2083 352 2146 magnae
379 2066 595 2128 strenuitatis
619 2066 692 2127 dux
718 2065 1012 2147 East·Anglorum
1039 2064 1167 2128 Ulflre·
1181 2043 1308 2130 tibiis...

216 2162 276 2239 tel,
307 2163 389 2244 quia
416 2182 459 2226 ex
489 2163 676 2243 improviso
700 2164 806 2238 venit,
835 2183 898 2226 nec
931 2171 1052 2227 contra
1089 2182 1169 2226 eum
1181 2138 1337 2188 ”dwk5“¹⁵

214 2261 365 2340 spatium
379 2261 611 2341 congregandi
636 2262 826 2324 exercitum
850 2261 982 2338 habuit,
999 2281 1078 2324 cum
1093 2279 1167 2324 ma·

211 2357 347 2439 joribus
371 2358 612 2438 East-Angiiae
634 2358 752 2420 habito
774 2359 930 2434 consilio,
945 2378 1066 2439 pacem
1089 2361 1168 2421 cum

217 2474 258 2518 eo
281 2455 426 2535 pepigit.
477 2454 609 2516 Verum
633 2455 707 2529 ille,
731 2454 870 2535 dirupto
896 2456 1037 2531 foedere,
1065 2457 1170 2518 tertia
1182 2481 1209 2520 ne
1219 2482 1288 2520 num.

217 2559 297 2633 post
313 2552 387 2614 baec
405 2551 630 2627 hebdomada,
651 2570 729 2614 cum
751 2552 861 2633 copiis
883 2553 955 2615 suis
978 2552 1128 2616 latenter
1150 2530 1296 2615 erinon.

218 2651 375 2712 navibus.
395 2649 588 2731 prosiliens
615 2647 870 2712 Theodfordam
896 2650 1037 2724 invasit,
1062 2649 1169 2713 deva·
1233 2665 1236 2670 ·

217 2747 336 2823 stavit,
351 2753 452 2810 nocte
466 2765 537 2808 una
555 2747 592 2808 in
608 2764 650 2809 ea
675 2749 814 2821 mansit,
830 2745 982 2810 diluculo
1006 2747 1170 2810 incendit.

219 2843 299 2920 Quo
323 2845 476 2924 cognito,
503 2843 576 2905 dux
607 2841 768 2906 Ulfketel
795 2843 999 2924 quibusdam
1023 2843 1066 2905 de
1088 2862 1170 2923 pro·
1184 2869 1258 2909 nato,

216 2942 421 3004 vincialibus
447 2940 635 3015 mandavit,
653 2947 694 3002 ut
718 2939 866 3002 hostium
892 2959 999 3002 naves
1022 2941 1171 3003 confrin-
1184 2922 1304 3007 i'vii'i‘i'nu
1399 2947 1401 2953 ’

218 3047 358 3119 gerent;
383 3048 421 3101 at
444 3038 495 3100 illi
512 3038 567 3100 vel
595 3056 662 3099 uon
689 3037 874 3112 audebant,
895 3036 948 3100 vel
970 3037 1073 3118 jussa
1093 3057 1171 3119 per·
1185 3017 1295 3066 mmm·

218 3136 319 3200 ficere
353 3136 582 3217 negligebant.
647 3133 730 3214 Ipse
764 3154 847 3197 vero
885 3135 1033 3209 interim,
1066 3153 1170 3216 quam

218 3234 320 3296 citius
343 3233 469 3313 potuit,
487 3233 576 3295 clam
601 3251 702 3293 suum
725 3250 939 3311 congregans
968 3233 1172 3307 exercitum,

219 3332 386 3393 adversus
420 3331 536 3393 hostes
562 3329 727 3392 audacter
757 3329 936 3404 ascendit3
969 3330 1094 3409 quibus
1127 3328 1171 3390 ad

219 3447 327 3490 naves
352 3428 605 3509 repedantibus,
621 3445 690 3490 non
705 3445 806 3506 aequa
820 3445 925 3488 manu
940 3425 1087 3488 militum
1103 3426 1172 3488 illis

220 3527 380 3599 occurrit,
403 3526 690 3605 durissimumque
714 3542 792 3585 cum
815 3525 863 3586 eis
892 3524 1051 3603 proelium
1078 3542 1172 3586 com·

220 3624 325 3698 misit,
344 3622 531 3702 multisque
541 3642 584 3684 ex
598 3623 651 3684 bis
667 3628 701 3683 et
712 3641 755 3683 ex
774 3622 841 3683 iliis
860 3623 970 3695 caesiS,
989 3620 1172 3683 nobiliores

221 3722 349 3801 quique
365 3719 407 3781 de
424 3718 657 3798 East-Anglia
672 3726 885 3791 corruerunt,
902 3717 996 3779 Dani
1013 3735 1096 3779 vero
1113 3718 1171 3777 vix

221 3825 428 3894 evasertmt3
453 3816 511 3877 sed
529 3817 557 3876 si
576 3815 664 3876 vires
677 3813 972 3893 East-Anglorum
985 3813 1058 3894 jam
1077 3814 1174 3875 ades-

221 3923 308 3990 sent,
350 3915 444 3978 nullo
482 3912 583 3974 modo
618 3929 723 3973 naves
760 3930 841 3972 suas
881 3917 1093 3990 repeterent:
1136 3917 1174 3972 ut

221 4016 310 4076 enim
326 4015 390 4094 ipsi
417 4012 535 4075 testati
556 4017 648 4082 sunt,
665 4009 783 4070 durius
808 4017 842 4070 et
868 4009 1022 4088 asperius
1047 4007 1174 4070 bellum
