3098 4770
211 1005 283 1045 Battle
291 1005 314 1044 ot

212 1056 338 1095 Ethandnn.

211 1989 278 2027 Peace
287 1997 336 2027 con·

210 2037 295 2076 clnded.

209 3350 319 3387 Guthrum

208 3399 314 3446 baptized.

374 331 418 394 96
742 346 949 393 cunourcon

375 503 474 583 quasi
506 501 694 562 redivivum
722 509 801 581 post
829 508 945 563 tantas
971 495 1206 563 tribulationes
1234 498 1318 561 reci-

375 601 520 681 pienteS,
543 599 710 661 immenso
736 599 856 680 repleti
878 607 960 662 sunt
978 599 1116 679 gaudio,
1134 598 1248 678 ibique
1263 615 1320 658 ca-

375 698 569 759 strametati
602 707 682 761 sunt
712 718 781 761 una
804 707 914 762 nocte.
967 697 1129 760 Diluculo
1153 715 1234 757 vero
1265 713 1320 756 se-

375 795 495 873 quenti
510 815 572 858 rex
587 797 663 860 inde
675 804 789 860 castra
803 815 1032 870 commovens,
1045 796 1139 859 venit
1150 794 1193 856 ad
1207 793 1319 856 locum

375 894 435 974 qui
448 894 575 957 dicitur
593 896 733 976 Ecglea,
749 902 784 958 et
799 896 846 957 ibi
861 914 931 957 una
944 906 1043 957 nocte
1058 899 1320 956 castrametatus

376 1000 450 1055 est:
480 992 559 1056 inde
592 995 748 1074 sequenti
775 994 828 1055 die
859 992 988 1055 vexilla
1018 1010 1245 1065 commovens,
1276 989 1320 1051 ad

375 1089 488 1152 locum
523 1093 581 1170 qui
609 1093 733 1154 dicitur
759 1090 943 1153 Ethandun
973 1091 1083 1162 venit;
1108 1089 1167 1151 ubi
1199 1095 1322 1151 contra

377 1185 599 1266 Paganorum
624 1189 812 1250 exercitum
828 1189 1025 1250 universum
1051 1207 1127 1249 cum
1146 1187 1252 1248 densa
1268 1192 1319 1248 te-

375 1284 513 1346 studine
529 1286 693 1347 atrociter
707 1285 925 1365 belligerans,
938 1285 1155 1365 animoseque
1170 1284 1227 1346 diu
1243 1303 1320 1365 per-

375 1382 514 1456 sistens,
532 1382 646 1445 divino
669 1391 755 1445 nutu
782 1383 920 1444 tandem
936 1383 1081 1445 victoria
1104 1382 1236 1464 potitus
1256 1389 1321 1456 est,

376 1486 410 1541 et
436 1479 599 1560 Paganos
621 1482 773 1542 maxima
799 1481 891 1543 caede
916 1481 1124 1561 prostravit3
1152 1480 1321 1560 fugientes

376 1597 457 1640 vero
482 1598 591 1658 usque
619 1579 661 1640 ad
693 1598 805 1642 arcem
829 1586 1028 1659 persecutus
1059 1586 1121 1653 est,
1149 1586 1183 1640 et
1208 1577 1322 1640 omnia

376 1695 453 1755 quae
470 1683 572 1739 extra
587 1696 700 1739 arcem
716 1678 857 1751 invenit,
875 1678 1040 1752 homines,
1057 1677 1199 1750 scilicet,
1215 1695 1322 1756 equos

376 1781 410 1834 et
437 1793 575 1854 pecora,
600 1774 777 1837 confestim
804 1775 937 1837 caedens
955 1775 1118 1849 homines,
1141 1774 1322 1854 subripuit,

376 1877 411 1932 et
427 1879 508 1933 ante
524 1880 643 1950 portas
659 1873 748 1933 arcis
769 1872 954 1950 Paganicee
970 1873 1153 1935 cumomni
1170 1872 1320 1934 exercitu

374 1986 438 2030 suo
463 1969 608 2030 viriliter
629 1975 893 2032 castrametatus
918 1976 991 2045 est3
1022 1988 1167 2051 cumque
1190 1969 1237 2032 ibi
1258 1988 1321 2049 per

374 2082 453 2129 xw.
469 2066 543 2128 dies
558 2074 760 2143 moraretur,
776 2065 911 2147 Pagani
924 2066 1025 2141 lame,
1042 2067 1178 2147 frigore,
1190 2067 1322 2140 timore,

373 2170 420 2239 et,
435 2164 478 2226 ad
492 2172 698 2239 extremum,
712 2164 1138 2245 desperationeperterriti,
1150 2182 1269 2244 pacem
1280 2181 1322 2224 ea

374 2261 570 2322 conditione
601 2262 784 2340 petierunt,
811 2270 851 2323 ut
877 2281 939 2323 rex
965 2262 1158 2325 nominatos
1186 2261 1321 2323 obsides
1347 2304 1351 2313 »

374 2364 527 2437 quantos
552 2357 658 2420 vellet
685 2360 728 2420 ab
754 2359 802 2420 eis
825 2359 1008 2440 acciperet,
1035 2359 1093 2421 ille
1115 2358 1245 2421 nullum
1273 2358 1321 2420 eis

374 2453 492 2532 daret;
517 2456 568 2518 ita
592 2462 707 2519 tamen
735 2456 883 2536 qualiter
910 2475 1084 2537 nunquam
1103 2476 1180 2519 cum
1205 2456 1321 2536 aliquo

374 2571 494 2632 pacem
512 2561 594 2616 ante
610 2554 821 2635 pepigerant.
876 2553 1033 2631 Quorum
1059 2554 1232 2635 legatione
1258 2572 1321 2615 au·

374 2650 459 2727 dita,
483 2670 544 2713 rex
574 2659 699 2733 suapte
724 2651 955 2714 misericordia
980 2659 1104 2726 motus,
1129 2651 1322 2714 nominatos

375 2757 525 2828 quantos
554 2748 664 2810 voluit
695 2749 830 2812 obsides
860 2750 903 2811 ab
934 2750 984 2812 eis
1012 2749 1163 2830 accepit3
1198 2750 1322 2829 quibus

375 2848 539 2927 acceptiS,
565 2844 700 2927 Pagani
722 2847 861 2928 insuper
871 2846 1090 2929 juraverunt,
1105 2867 1143 2909 se
1160 2847 1322 2909 citissime

374 2944 417 3006 de
447 2964 510 3007 suo
542 2964 647 3024 regno
679 2946 855 3008 exituros:
891 2965 1023 3008 necnon
1056 2944 1228 3010 Guthrum
1258 2964 1321 3007 rex

374 3061 492 3104 eorum
512 3041 804 3105 christianitatem
829 3043 955 3119 subire,
971 3052 1006 3107 et
1029 3043 1235 3123 baptismum
1258 3043 1322 3104 sub

374 3159 480 3202 manu
519 3140 666 3203 AElsredi
703 3141 793 3220 regis
835 3142 989 3221 accipere
1031 3140 1204 3222 promisit3
1245 3159 1322 3220 quae

374 3239 490 3301 omnia
510 3238 569 3299 ille
596 3247 631 3300 et
659 3238 725 3312 sui,
744 3247 783 3300 ut
808 3240 1047 3319 promiserant,
1073 3237 1320 3318 impleverunt3

375 3353 455 3396 nam
471 3342 552 3415 post
572 3334 804 3398 hebdomadas
828 3353 890 3398 νυ.
910 3335 1082 3398 Guthrum
1101 3335 1322 3415 Paganorum

374 3450 437 3493 rex
461 3451 539 3493 cum
565 3448 664 3494 xxx.
682 3433 893 3495 electissimis
915 3434 957 3495 de
984 3435 1137 3495 exercitu
1162 3451 1225 3494 suo
1240 3432 1322 3493 viris

374 3528 417 3589 ad
444 3527 642 3590 AElfredum
677 3548 791 3608 regem
824 3548 928 3610 prope
962 3530 1256 3611 AEthelingaege,
1287 3531 1322 3591 in

372 3625 450 3687 loco
476 3625 534 3706 qui
565 3626 690 3687 dicitur
720 3624 824 3688 Aalr¹
858 3629 1024 3707 pervenit,
1057 3647 1159 3708 quem
1193 3646 1252 3689 rex
1287 3628 1322 3689 in

373 3723 480 3785 filium
507 3723 702 3803 adoptionis
728 3724 793 3784 sibi
814 3725 1018 3805 suscipiens,
1044 3726 1086 3788 de
1113 3726 1207 3787 fonte
1234 3725 1322 3786 sacri

373 3821 593 3901 baptismatis
624 3819 819 3894 elimavit;²
852 3823 950 3904 cujus
978 3823 1170 3885 chrismatis
1195 3821 1321 3883 solutio

409 3996 415 4024 ¹
434 3998 518 4058 Aula]
538 3999 688 4058 Aller,near
699 3999 833 4059 Atlrelney.
861 4006 960 4046 stanurn
973 4002 1100 4060 imposuit.
1123 3998 1321 4059 Anaeticam.

407 4069 417 4096 ²
431 4065 567 4126 ululavit]
578 4066 610 4112 Et
616 4069 734 4114 nomenei
741 4067 836 4115 AElbel-
861 4068 895 4115 Β.
908 4069 978 4116 omit.
