3098 4770
454 343 647 391 nnoanurn
675 341 956 390 wrconmnnsrs
1114 328 1179 390 165

229 504 296 560 tur.
364 498 502 563 Interea
531 500 584 561 ira
610 499 677 561 Dei
707 499 742 560 in
776 496 979 560 homicidam
1011 499 1178 580 populum

228 595 429 671 desaeviens,
446 617 491 660 ex
512 599 560 659 eis
574 598 644 660 duo
660 596 767 659 millia
781 615 842 677 per
857 594 948 657 diros
965 595 1176 659 internorum

229 696 402 758 cruciatus
428 697 636 776 prostravit:
661 696 776 757 caeteri
795 713 930 774 quoque
950 692 1051 755 simili
1075 695 1180 758 modo¹

228 794 393 872 percussi,
422 812 443 855 a
471 793 629 855 fidelibus
663 799 922 855 commonentur
952 799 992 853 ut
1020 792 1175 872 pontifici

228 890 463 964 satissaciant;
498 891 559 953 sed
591 890 764 953 differunt.
815 887 1005 953 Praevaluit
1036 892 1174 954 interim

225 987 352 1063 clades,
368 997 404 1051 et
423 1008 513 1052 nunc
531 988 650 1062 denos,
672 1006 762 1049 nunc
779 988 929 1061 vicenos,
948 1005 1038 1048 nunc
1060 987 1175 1068 plures

226 1085 443 1166 absumpsit.¹

276 1182 432 1247 Perfidus
454 1185 526 1248 dux
554 1185 700 1248 Edricus
725 1185 880 1261 Streona,
902 1191 936 1247 et
958 1203 1076 1248 omnes
1099 1185 1175 1249 An·
1201 1198 1346 1247 annon:

225 1281 305 1361 gliae
322 1284 486 1362 primates
507 1285 686 1363 utriusque
704 1282 842 1357 ordinis,
861 1290 942 1346 ante
961 1282 1099 1346 Pascha
1116 1282 1176 1367 [13

225 1377 329 1464 Apa]
354 1379 543 1443 Lundoniae
572 1381 775 1460 congregati
798 1387 888 1455 sunt,
912 1386 946 1441 et
968 1380 1015 1442 ibi
1043 1383 1174 1444 tamdiu

226 1479 347 1540 morati
377 1487 470 1553 sunt,
499 1497 677 1560 quousque
703 1479 866 1541 tributum
895 1478 1005 1540 Danis
1030 1482 1176 1559 promis·
1249 1519 1253 1525 ·

224 1594 312 1651 sum,
331 1577 513 1656 quoderat
535 1593 666 1640 xnvrn.
684 1577 791 1638 millia
806 1576 980 1650 librarum,
1001 1579 1173 1657 persolve-

224 1681 328 1735 retur.
398 1674 536 1736 Interea
565 1681 787 1735 saerosancto
821 1673 1010 1734 Dominicae
1043 1676 1309 1755 nequiciarum-mr

224 1769 376 1832 Sabbato
390 1767 449 1853 [19
461 1768 576 1855 Apr.],
594 1769 831 1850 archipraesuli
845 1768 1006 1850 Alphego
1023 1788 1045 1831 a
1060 1771 1172 1835 Danis
1185 1747 1312 1834 :lillilw

222 1867 427 1949 proponitur
446 1868 610 1943 conditio,
633 1874 673 1929 ut
695 1868 725 1928 si
748 1867 820 1929 vita
843 1886 883 1930 ae
905 1868 1066 1931 libertate
1089 1871 1173 1934 velit

223 1967 326 2046 potiri
342 1960 395 2029 1'1‘1.
411 1965 575 2030 librarum
590 1965 788 2046 persolvat;
812 1964 872 2027 illo
886 1965 1036 2040 nolente,
1053 1986 1172 2030 necem

224 2064 298 2145 ejus
321 2063 496 2145 usquead
517 2062 612 2124 aliud
633 2059 843 2124 Sabbatumi
859 2061 1045 2141 protelant.
1091 2061 1173 2140 Quo

221 2160 437 2235 adveniente,
447 2159 613 2221 adversus
627 2159 724 2220 illum
740 2165 942 2222 exarserunt
956 2159 1009 2220 ira
1025 2178 1170 2242 magna3

220 2263 256 2319 et
271 2259 353 2338 quia
368 2259 447 2321 vino
463 2257 564 2319 nimis
578 2255 739 2319 inebriati
752 2255 897 2332 fuerant,
908 2263 943 2319 et
959 2258 1040 2337 quia
1057 2258 1169 2339 prohi-

219 2355 342 2417 buerat
356 2374 400 2417 ne
416 2355 493 2435 quis
507 2372 570 2435 pro
588 2373 653 2416 sua
672 2353 905 2433 redemptione
919 2355 1104 2436 quicquam
1120 2358 1170 2420 eis

218 2451 326 2526 daret,
340 2451 542 2532 proinde'de
562 2470 699 2514 carcere
714 2451 860 2526 ducitur,
892 2452 935 2514 ad
953 2471 1070 2515 eorum
1086 2474 1169 2517 con·

218 2548 331 2610 cilium
348 2549 571 2630 protrahitur.
620 2548 709 2612 Mox
724 2548 774 2610 illi
788 2568 806 2610 e
822 2549 958 2611 sedibus
972 2550 1176 2629 prosiliunt,

217 2646 347 2708 aversis
369 2647 546 2709 securibus
562 2646 660 2708 illum
681 2645 856 2727 dejiciunt,
877 2646 1061 2727 lapidibus,
1081 2651 1171 2711 ossi-‘

217 2744 293 2818 bus,
322 2745 459 2807 bovinis
490 2744 663 2824 capitibus
695 2744 853 2806 obruunt.
919 2742 976 2806 Ad
1007 2745 1167 2808 ultimum

216 2841 365 2921 quidam,
383 2841 515 2904 Thr-um
532 2841 682 2916 nomine,
698 2859 798 2922 quem
814 2840 1028 2905 confirmavit
1043 2843 1173 2923 pridie,—

214 2938 320 3019 impia
339 2945 453 3001 motus
475 2940 616 3020 pietate,
634 2939 779 3000 securim
797 2938 900 3019 capiti
918 2938 1010 3001 illius
1027 2940 1163 3020 infixit3

216 3036 274 3116 qui
295 3037 414 3098 statim
438 3037 474 3097 in
498 3036 649 3098 Domino
672 3051 756 3098 x111.
778 3033 848 3097 kal.
869 3034 956 3097 Maii
981 3036 1041 3115 [l9
1057 3037 1162 3120 Apa]

213 3133 431 3208 obdormivit,
457 3139 492 3195 et
515 3134 681 3195 victorem
707 3132 862 3212 spiritum
887 3151 964 3194 cum
988 3135 1162 3216 triumpho

214 3230 257 3291 ad
287 3231 412 3292 coelum
449 3231 594 3293 direxit:
615 3229 729 3311 'cujus
749 3224 886 3309 ‘corpus
921 3229 976 3292 die
1005 3235 1174 3312 sequenti·

215 3327 433 3391 Lundoniam
448 3327 611 3403 defertur,
628 3345 648 3388 a
666 3328 797 3388 civibus
819 3327 1002 3390 honorifice
1017 3331 1161 3410 suscipi-

212 3431 280 3499 tur,
304 3433 339 3487 et
362 3427 406 3487 ab
427 3425 596 3505 episcopis
620 3423 802 3486 Eadnotho
827 3423 1105 3501 Lindicolinensi,
1128 3435 1163 3490 et

212 3520 278 3583 Alf
279 3522 370 3583 huno
382 3520 616 3584 Lundoniensi
627 3522 661 3582 in
675 3521 818 3583 ecclesia
830 3521 865 3584 S.
876 3521 978 3584 Pauli
988 3523 1162 3604 sepelitur.

212 3618 299 3680 Post
321 3618 407 3693 haec,
425 3621 554 3682 tributo
578 3620 705 3693 soluto,
722 3631 756 3681 et
778 3637 863 3698 pace
884 3619 1089 3700 juramentis
1105 3622 1163 3682 fir-

246 3838 255 3870 ¹
273 3841 332 3888 Sax.
359 3839 462 3898 Chron.‚
484 3837 594 3887 Osbemi
616 3839 678 3886 Vita
738 3837 912 3900 ²Salmonea]
949 3838 1019 3886 Here
1042 3838 1163 3888 Florenee

210 3911 236 3959 S.
248 3909 358 3970 Elphegi
375 3908 445 3968 apud
456 3907 587 3966 Wharton,
600 3910 618 3956 t.
632 3920 676 3966 11.;
701 3907 803 3954 rendere
826 3907 867 3954 the
892 3904 1114 3970 ‘Saetemes·daeg’
1138 3907 1167 3955 of

210 3979 312 4026 Ditmar
323 3978 482 4037 hlerseherg.
495 3977 540 4025 lib.
552 3988 598 4024 vu.
700 3975 933 4104 phelpslr’rpppplpby
945 3974 1086 4023 Sabbatum.
1113 3977 1162 4026 See
