3098 4770
372 312 439 375 lm
746 322 956 372 chronicon

223 505 354 544 nnus.
426 477 583 540 canutus
611 494 675 538 rex
709 476 915 558 Anglorum,
944 485 1027 540 aute
1058 494 1158 538 suum
1183 475 1326 552 obitum,

208 569 338 666 3⁴22}in
376 592 483 653 super
503 571 729 653 Norreganos
751 594 864 655 regem
887 574 1069 638 constitnit
1084 573 1249 646 Suanum,
1265 572 1326 652 qni

209 667 288 712 ⁸⁷⁶ss
376 689 463 733 suus
480 678 515 733 et
533 668 863 733 Northamtunensis
887 670 1053 751 Aligivae,
1071 670 1151 734 tiliae
1167 668 1327 733 videlicet

376 766 548 830 Alfhelmi
560 768 660 829 ducis
673 775 709 829 et
722 767 846 830 nobilis
858 776 1028 830 matronae
1042 767 1222 841 Wlfmnae,
1233 766 1326 829 dice·

376 866 481 927 batur
496 863 599 939 filius,
619 883 722 945 quem
740 872 856 928 tamen
870 863 1244 928 nonnulliasserebunt
1256 882 1326 925 non

377 963 472 1042 regis
498 970 534 1025 et
557 962 713 1044 ejusdem
740 961 894 1043 Aligivae
921 961 1031 1024 filium
1056 961 1243 1032 extitisse;·
1264 959 1326 1022 sed

377 1059 523 1121 eandem
541 1059 724 1139 Alsgivam
739 1079 783 1121 ex
800 1078 883 1139 rege
905 1058 1013 1120 filium
1035 1058 1160 1120 habere
1176 1057 1327 1120 voluisse

378 1155 439 1216 sed
465 1157 676 1234 nequivisse,
692 1161 728 1217 et
749 1155 878 1217 idcirco
899 1163 1056 1217 recenter
1074 1160 1193 1216 natum
1216 1153 1327 1216 infan-

379 1258 449 1312 tem
481 1251 664 1332 cujusdam
702 1252 894 1332 presbyteri
932 1252 998 1314 sibi
1032 1251 1145 1314 afferri
1169 1250 1328 1334 jussisse,

378 1366 566 1428 regemque
588 1350 728 1412 omnino
746 1349 921 1412 credulum
943 1349 1077 1424 fecisse,
1094 1367 1132 1410 se
1153 1348 1260 1411 filium
1276 1348 1327 1410 illi

214 1459 361 1549 geum
374 1444 451 1528 jam
483 1447 670 1526 peperisse.
739 1446 851 1526 Super
881 1446 1004 1508 Dauos
1034 1447 1137 1507 etiam
1167 1465 1265 1508 sunm
1293 1453 1329 1507 et

236 1517 270 1549 ἠ
380 1541 533 1622 Alsgivae
566 1544 696 1624 reginae
729 1541 837 1605 filium
876 1542 1181 1606 Heardecanutum
1213 1561 1328 1622 regem

214 1653 322 1741 gath«
380 1640 585 1704 constituit¹
631 1641 678 1703 Et
701 1650 834 1721 postea,
860 1640 926 1704 hoc
951 1659 1052 1716 anno,
1076 1640 1225 1703 secundo
1250 1640 1329 1702 idus

232 1708 279 1741 Μ
382 1737 593 1801 Novembris
606 1735 666 1821 [12
678 1737 901 1823 Nov.],feria
913 1746 1049 1819 quarta,
1061 1738 1153 1818 apud
1164 1737 1331 1801 Sceastes·

381 1835 516 1913 byriam
547 1837 624 1898 vita
648 1836 806 1907 decessit,
835 1836 896 1897 sed
925 1835 1114 1897 Wintoniae
1143 1836 1180 1896 in
1209 1834 1328 1897 Veteri

257 1950 265 1960 ·
382 1928 600 1993 Monasterio
625 1928 713 1992 satis
735 1930 923 1993 honorifice
947 1925 1121 2011 sepelitur.
1172 1929 1329 2007 Quo‘tu·

216 2038 369 2135 pm&
382 2026 515 2089 mulato
530 2027 656 2108 regina
668 2026 814 2107 Aligiva
825 2027 951 2090 ibidem
968 2020 1107 2090 resedit.
1152 2027 1331 2090 Humidus

216 2137 343 2186 rrum
382 2142 466 2186 vero
492 2123 582 2187 dixit
601 2143 640 2186 se
660 2124 766 2187 filium
790 2123 865 2188 e'sse
886 2124 1013 2188 Canuti
1032 2125 1124 2206 regis
1146 2131 1181 2187 et
1202 2123 1341 2187 North·-

383 2221 598 2281 amtunensis
607 2220 772 2300 Aligivae,
787 2222 870 2284 licet
883 2221 919 2283 id
936 2240 1054 2284 verum
1068 2228 1160 2284 esset
1173 2221 1331 2300 minime3

270 2348 284 2357 ··
318 2332 323 2363 ε·
349 2342 353 2349 ·
382 2315 503 2378 dicunt
534 2317 626 2378 enim
663 2316 819 2379 nonnulli
854 2316 963 2379 filium
994 2310 1175 2401 'cujusdam
1204 2319 1331 2381 sutoris

381 2411 479 2474 illu'm
504 2411 625 2487 fuisse,
647 2413 708 2475 sed
735 2413 921 2494 Aligivam·
936 2413 1056 2476 eodem
1074 2415 1181 2478 -modo
1206 2415 1249 2478 de
1270 2414 1331 2479 illo
1350 2474 1356 2487 ,

370 2508 518 2584 ¹iecisse,
544 2528 615 2589 qno
640 2510 684 2572 de
709 2509 827 2573 Suano
858 2511 968 2574 fertur
992 2511 1123 2592 egisse:
1151 2502 1215 2575 nos
1237 2519 1332 2588 vero,

282 2694 286 2699 η
335 2603 466 2699 ''squia
480 2625 538 2668 res
554 2606 591 2669 in
614 2606 719 2669 dubio
739 2608 866 2688 agitur,
888 2608 932 2670 de
952 2615 1152 2705 neutrorum
1174 2609 1334 2701 genitura
1408 2614 1414 2627 '
1457 2665 1491 2697 ..-

219 2729 358 2770 nnnsa·
382 2703 466 2783 qnid
492 2704 587 2767 certi
604 2702 982 2768 sci'vimus’definires'·'
996 2705 1035 2768 Is
1057 2712 1185 2783 tamen,
1207 2707 1332 2787 adeptu
1433 2787 1439 2793 .
1499 2708 1504 2715 '
1524 2716 1529 2739 ¹

218 2780 375 2868 imm
382 2801 481 2880 regia
501 2801 685 2881 dignitate,
707 2801 803 2864 misit
819 2801 1034 2865 Wintoniam
1058 2823 1139 2866 suos
1160 2804 1334 2884 constipa:

217 2881 334 2918 ΝΜ·
384 2906 489 2960 tores.
503 2899 693 2973 celerrime,
717 2905 753 2961 et
775 2917 938 2978 gazarum
958 2920 1143 2982 opumque,
1163 2920 1249 2982 quas
1268 2920 1331 2963 rex
1373 2932 1377 2939 ·

386 2993 544 3057 Canutus
574 2994 728 3075 Aligivae
767 2995 953 3076 reliquerat
988 2998 1127 3078 reginae,
1167 2997 1332 3079 majorem

384 3092 632 3172 melioremque
657 3099 793 3172 partem
818 3093 945 3156 ademit
971 3094 1022 3157 illi
1047 3095 1234 3176 tyrannice,
1256 3114 1333 3176 spo-

385 3187 575 3269 liatamque
597 3189 727 3252 dimisit
750 3190 888 3266 ibidem,
906 3198 947 3254 ut
963 3200 1128 3272 coeperat,
1149 3189 1334 3270 residere;²

386 3295 492 3365 atque
519 3287 814 3349 consentientibus
840 3306 944 3368 quam
968 3288 1126 3368 plurimis
1149 3289 1335 3371 majoribus

385 3380 635 3462 natuAngliae,
651 3385 750 3464 quasi
769 3385 884 3466 justus
909 3385 1018 3469 haeres
1039 3387 1145 3467 coepit
1166 3405 1334 3464 regnare3

385 3496 448 3539 nec
463 3486 580 3541 tamen
604 3481 655 3541 ita
676 3488 836 3559 potenter
855 3489 894 3543 nt
918 3481 1085 3557 canutus
1111 3484 1192 3564 quia
1207 3482 1337 3566 justior

386 3573 498 3637 haeres
548 3578 800 3657 expectabatur
849 3577 1153 3643 Heardecanutus.
1235 3581 1335 3644 Unde

385 3672 481 3734 brevi
506 3681 585 3753 post
609 3680 762 3753 tempore
788 3693 932 3754 regnum
959 3685 1052 3739 sorte
1078 3677 1242 3740 dividitur
1261 3677 1337 3741 An-

420 3843 427 3872 ¹
446 3847 540 3908 Regem
550 3847 700 3910 emituit]
721 3848 776 3896 The
786 3849 849 3897 fore·
910 3880 921 3911 2

384 3914 462 3975 going
472 3916 625 3974 particulam
633 3930 677 3964 are
684 3922 728 3964 not
733 3917 795 3964 from
807 3917 849 3966 the

381 3981 468 4029 Saxon
480 3982 623 4031 Chronicle.

936 3884 998 3934 Sax.
1026 3883 1129 3945 Chrou„
1150 3885 1245 3946 though
1273 3884 1336 3933 with

875 3967 943 4001 some
954 3953 1100 4002 variatione.
