3098 4770
332 307 400 373 220
709 321 919 368 canonicos

333 477 557 541 laudabiliter
601 477 806 558 adimplens,
846 478 972 559 prioris
1013 475 1285 538 conversationis

333 576 574 638 austeritatem
600 578 740 638 minime
767 576 919 656 reliquit,
941 576 1060 650 immo,
1085 582 1125 635 ut
1146 573 1284 636 caeteris

331 673 532 753 exemplum
557 674 644 736 bene
666 674 805 735 vivendi
828 673 939 747 daret,
962 670 1199 752 multipliciter
1221 670 1285 732 ad-

332 772 446 833 auxit.
492 770 630 834 Deinde
655 782 736 851 post
753 770 889 850 aliquot
909 788 1077 831 annorum
1099 768 1283 843 enrricula,

331 869 445 932 electo
462 869 508 931 ad
524 870 860 950 archiepiscopatum
876 867 1107 931 Eboracensis
1126 865 1283 929 eoelasiae

331 967 410 1048 ipso
430 967 586 1031 Aldredo
603 969 846 1049 Wigornensis
868 965 1024 1029 ecclesiae
1047 965 1221 1045 episcopo,
1241 963 1284 1027 tit

332 1067 506 1127 unanimis
520 1085 711 1128 consensus
727 1075 799 1127 tam
820 1065 904 1127 cleri
924 1083 1028 1143 qnam
1045 1064 1150 1125 etiam
1172 1062 1282 1125 totins

330 1161 444 1241 plebis
465 1163 501 1223 in
521 1162 597 1242 ejus
618 1162 799 1237 electione,
821 1180 904 1240 rege
926 1160 1087 1223 videlicet
1107 1168 1282 1223 annuente

331 1266 371 1319 nt
390 1277 494 1339 quem
508 1259 576 1320 sibi
597 1259 727 1322 vellent
750 1259 934 1340 praesulem
960 1258 1136 1339 eligerent
1187 1255 1281 1321 Gon·

331 1356 414 1435 tigit
429 1374 580 1438 namque
592 1377 635 1420 eo
651 1366 805 1439 tempore
820 1366 856 1420 et
873 1357 1010 1437 legatos
1029 1357 1122 1419 sedis
1137 1366 1280 1437 aposto·
1317 1397 1327 1412 ·

330 1451 408 1514 licae
428 1453 506 1533 ejus
521 1453 682 1518 electioni
699 1456 878 1530 interesse,
893 1454 1171 1529 Amenfredum,
1186 1454 1281 1517 scili·

330 1560 398 1626 cet,
431 1550 684 1614 Sednnensem¹
714 1554 929 1634 episcopum,
958 1560 995 1614 et
1021 1552 1140 1627 aliurn,
1168 1553 1228 1632 qui
1257 1571 1280 1616 a

330 1648 471 1712 domino
492 1669 587 1731 papa
603 1651 807 1714 Alexandro
829 1671 892 1733 pro
919 1651 1093 1732 responsis
1117 1651 1279 1714 ecclesia·

329 1749 427 1809 sticis
467 1749 512 1810 ad
548 1769 665 1830 regem
695 1750 891 1829 Anglornm
914 1749 1144 1811 Eadwardum
1171 1749 1280 1825 missi,

330 1846 429 1922 regio
445 1856 621 1925 praecepto
634 1846 827 1925 Wigorniae
841 1867 904 1926 per
914 1855 1025 1909 totam
1037 1846 1109 1908 fere
1121 1845 1281 1922 Quadra-

330 1941 501 2021 gesimam
524 1941 709 2022 degebant,
732 1951 957 2023 expectantes
982 1961 1185 2023 responsum
1203 1963 1279 2006 snae

330 2037 517 2119 legationis
547 2059 659 2121 nsque
697 2039 742 2102 ad
778 2042 909 2104 curiam
945 2039 1100 2120 regalem
1127 2041 1280 2121 proximi

288 2131 294 2140 ’
330 2135 493 2200 Pascbae.
544 2138 597 2201 Hi
609 2139 777 2214 videntes,
793 2138 874 2200 dum
888 2138 937 2200 ibi
953 2139 1189 2212 morabantur,
1201 2137 1280 2220 ejus

328 2233 543 2296 laudabilem
557 2237 867 2312 conversationem,
879 2237 915 2298 in
931 2237 1009 2318 ejus
1025 2236 1192 2299 electione
1207 2256 1277 2299 non

329 2338 469 2393 tantum
495 2334 768 2407 consentiebant,
792 2334 898 2396 immo
923 2342 995 2396 tam
1020 2334 1149 2399 clerum
1173 2353 1279 2414 qnam

328 2427 469 2508 plebem
494 2429 646 2492 maxime
668 2430 712 2493 ad
733 2430 800 2493 boc
820 2431 1047 2510 instigabant,
1070 2449 1204 2511 suaque
1217 2450 1279 2494 au·

326 2527 493 2590 ctoritate
521 2527 598 2610 ejus
628 2527 830 2591 electionem
860 2527 1066 2592 firmabant:
1104 2528 1166 2592 illo
1193 2547 1278 2592 vero

328 2623 603 2688 obstinatissime
625 2633 804 2702 renuente,
830 2645 937 2706 seque
963 2625 1141 2706 indignum
1165 2626 1280 2690 aocla-

326 2731 458 2799 mente,
483 2731 623 2786 etcum
649 2733 867 2787 sacramento
895 2724 1000 2787 etiam
1028 2722 1218 2786 affirmante
1237 2745 1278 2788 se

326 2819 438 2882 multo
480 2820 644 2884 libentius
682 2821 902 2884 decollationi
944 2840 1049 2902 quam
1085 2829 1158 2884 tam
1193 2823 1279 2886 altae

326 2915 537 2980 ordinationi
553 2920 777 2981 succumbere
792 2919 893 2982 velle.
943 2919 1032 2982 Cum
1047 2938 1141 3000 saepe
1158 2926 1194 2982 et
1206 2921 1278 2983 fre·

326 3022 477 3093 quenter
490 3033 512 3076 a
526 3015 683 3095 pluribus
696 3017 778 3079 viris
792 3015 964 3096 religiosis
979 3017 1277 3081 etvenerabilibus

229 3107 233 3113 ’
325 3113 484 3191 personis
508 3114 684 3194 superbis
709 3114 977 3190 circumventus,
995 3114 1039 3177 ad
1061 3117 1277 3178 consentien-

324 3208 407 3270 dum
437 3211 577 3274 minime
605 3212 805 3292 persuaderi
828 3221 959 3293 posset,
985 3213 1124 3275 tandem
1152 3232 1174 3274 a
1199 3215 1275 3276 viro

324 3305 394 3369 Dei
414 3307 529 3372 Wlsio
549 3309 695 3385 incluso,
716 3311 774 3390 qui
800 3318 884 3373 tunc
905 3309 983 3390 plns
1010 3326 1073 3373 xc.
1098 3312 1197 3373 annis
1220 3331 1276 3375 so·

325 3402 478 3466 litaniam
508 3407 617 3469 vitam
647 3409 760 3488 egisse
796 3408 1016 3484 noscebatur,
1052 3410 1178 3471 acriter
1212 3429 1276 3490 pro

324 3499 560 3565 inobedientia
574 3513 610 3567 et
624 3506 817 3568 obstinacia
832 3514 1024 3587 correptus,
1038 3505 1156 3569 divino
1170 3509 1275 3570 etiam

325 3599 468 3661 oraculo
493 3603 646 3678 territuS,
669 3605 865 3667 consentire
884 3622 963 3666 cum
987 3604 1140 3666 maximo
1163 3606 1276 3667 cordis

325 3695 446 3760 dolore
477 3701 677 3779 compulsus
710 3709 774 3776 est,
804 3708 908 3783 atque
941 3702 996 3764 die
1027 3702 1276 3765 Decollationis

325 3791 448 3857 Sancti
472 3795 496 3858 J
500 3797 646 3861 ohannis
676 3799 848 3880 Baptistae
876 3796 936 3883 [29
958 3798 1083 3880 Aug.],
1109 3801 1278 3864 electione

340 4004 348 4035 ¹
368 4008 551 4075 detinuerim]
569 4013 608 4062 Os
616 4014 756 4076 Sedunum,
765 4029 823 4062 now
833 4015 903 4076 Sion,
915 4016 957 4064 the
969 4016 1064 4077 capital
1075 4015 1105 4064 oi
1112 4016 1154 4064 tue
1163 4015 1261 4063 Valais.
