3098 4770
376 334 442 397 176
588 317 601 340 ⁸
744 344 952 393 ennonrcon

213 517 341 568 cauteria
377 502 428 565 At
455 500 516 562 ubi
542 500 745 582 plerumque
771 501 883 563 noctis
912 501 1094 582 processit,
1124 499 1326 563 Canutuse

212 569 308 658 ἷζίἷέἓὲἷ
378 598 503 661 castris
518 615 600 661 suos
616 600 711 662 abire
732 599 869 662 silentio
889 597 1008 681 jussit,
1032 607 1068 662 et
1088 616 1207 660 versus
1232 595 1327 659 Lun-
1405 624 1409 629 ·

378 695 517 757 doniam
531 695 598 759 iter
612 697 791 778 arripiens,
807 694 851 757 ad
867 714 975 759 naves
993 696 1187 776 repedavit,¹
1201 693 1243 759 ac
1257 693 1326 757 non'

377 793 488 856 multo
515 802 596 874 post
623 793 840 857 Lundoniam
867 792 1052 856 reobsedit.
1080 840 1084 845 .
1108 793 1177 856 Ubi
1209 800 1324 857 autem

377 890 452 954 dies
471 892 623 969 advenit,
645 901 682 956 et
698 911 761 956 rex
785 889 1009 955 Eadmundus
1030 888 1325 954 Ferreumlaatus

377 987 501 1053 Dauos
522 990 653 1070 fugisse
670 990 849 1071 comperit,
864 989 1032 1072 majorem
1054 995 1326 1069 congregaturus

377 1088 580 1162 exercitum,
598 1087 636 1149 in
654 1086 962 1149 West-Saxoniam
985 1087 1192 1149 revertiturr
1225 1085 1325 1167 cnjus

375 1185 617 1246 strenuitatem
648 1184 769 1245 videns
794 1184 946 1247 sororius
972 1184 1049 1266 ejus
1073 1182 1224 1264 perfidus
1251 1181 1323 1245 dux

375 1278 534 1355 Edricus,
551 1288 592 1344 ut
608 1281 801 1344 naturalem
824 1281 1000 1344 dominum
1021 1281 1202 1361 requisivit
1213 1280 1323 1356 illum,

375 1383 411 1439 et
426 1396 514 1457 pace
535 1397 613 1441 cum
636 1398 677 1442 eo
699 1378 945 1458 redintegrata,
968 1398 1007 1441 se
1032 1379 1166 1442 fidelem
1189 1380 1222 1442 ei
1246 1397 1324 1459 per·

211 1493 326 1533 remane
375 1492 576 1538 mansurum
596 1475 750 1558 juravit·
793 1475 918 1558 Itaque
942 1477 1097 1539 exercitu
1119 1477 1195 1539 vice
1220 1477 1324 1539 tertia

210 1544 308 1632 i'ssi‘avii.
375 1583 600 1655 congregato,
619 1573 876 1637 lundonienses
893 1575 987 1637 cives
1005 1575 1049 1637 ab
1067 1574 1243 1637 obsidione
1260 1593 1323 1637 rex

211 1688 326 1777 {2333
375 1670 548 1749 liberavit,
581 1673 702 1737 Danos
730 1673 774 1735 ad
802 1692 883 1736 suas
912 1691 1020 1735 naves
1036 1673 1184 1754 fugavit.
1235 1671 1323 1735 Post

328 1765 334 1777 '
374 1767 517 1831 biduum
533 1770 745 1844 Tamensim,
767 1770 802 1832 in
828 1771 905 1833 loco
927 1771 987 1851 qui
1010 1771 1194 1834 Brentfond
1215 1771 1324 1834 nomi-

374 1871 491 1940 natur,
520 1867 770 1940 transfretavit,
795 1886 875 1928 cum
900 1866 1014 1929 Danis
1036 1869 1139 1930 tertio
1162 1867 1321 1948 proelium

374 1962 559 2039 commisit,
574 1969 610 2025 et
629 1961 766 2043 fugatis
786 1963 836 2025 eis
858 1965 969 2026 victor
989 1963 1116 2025 extitit
1168 1964 1220 2026 Ea
1237 1964 1324 2027 rice

364 2060 476 2137 ¹multi
506 2058 699 2141 Anglorum
728 2061 860 2143 populi,
885 2061 968 2124 dum
992 2060 1322 2124 incautius-flumen

274 2148 278 2153 ’
373 2158 574 2234 transirent,
587 2157 884 2239 demerguntur-¹
906 2158 1045 2222 Exinde
1067 2177 1142 2234 rex,
1163 2177 1323 2222 numero-

373 2253 500 2316 siorem
521 2249 795 2336 congregaturus
817 2255 1021 2331 exercitum,
1041 2256 1078 2320 in
1094 2255 1325 2322 Wartsaxe

372 2350 466 2413 niam
478 2346 657 2432 properat.
678 2369 685 2399 ³
703 2352 805 2415 'Dani
818 2370 902 2415 vero
917 2350 1134 2417 Lundoniam
1150 2350 1323 2437 repetunt,

273 2499 276 2504 .
373 2441 839 2530 obsidioiezsslam'cingunt,
855 2457 892 2513 et
905 2451 1001 2519 omni
1025 2469 1070 2513 ex
1086 2457 1185 2532 parte
1199 2449 1324 2533 oppu-

373 2545 689 2626 gnant,³sed1Deo
712 2545 873 2630 juvante,
895 2541 1322 2630 'nil'omnino'proficiunt
1420 2615 1423 2621 ,
1505 2622 1508 2637 Ι

374 2642 429 2706 Ob
447 2655 654 2726 'qnam'rem
671 2642 755 2707 'cum
772 2637 986 2709 'sua'classe
1013 2645 1210 2709 recedentes
1230 2646 1323 2724 inde,

373 2759 508 2805 amnem
522 2735 599 2824 Tqui
614 2736 776 2805 -·Arewe''·
787 2737 913 2805 dicitur
932 2739 1097 2819 intrant,
1109 2751 1146 2806 et
1161 2745 1323 2808 :navibus

373 2838 569 2916 exilientes,
583 2835 777 2920 praedatum
792 2840 828 2901 in
839 2836 1013 2903 ‘Merciam
1029 2847 1190 2921 pergunt,
1202 2840 1324 2905 obuios

372 2930 543 3017 quosque
559 2935 710 3011 caedunt,
735 2930 835 3000 'more
853 2932 966 3000 'solito
991 2937 1094 3004 villas
1114 2933 1323 3015 incendunt,

371 3033 526 3112 praedam
541 3041 663 3113 agunt,
678 3041 758 3114 post
774 3034 817 3096 ad
834 3052 942 3097 naves
958 3035 1123 3112 redeunt3
1146 3031 1323 3117 pedestres

372 3130 564 3206 indumen,
587 3132 680 3211 quod
701 3131 950 3211 ,Meodeweage
973 3141 1206 3214 nuncupatur,
1225 3135 1325 3197 navi-

371 3227 436 3291 bus
457 3228 687 3302 devehuntur,
710 3236 889 3309 equestres
917 3223 1001 3292 vero
1025 3231 1142 3292 vivam
1169 3231 1323 3312 praedam

208 3346 313 3386 aaran
370 3343 433 3403 per
450 3333 579 3387 terram
600 3327 788 3388 minantur.
842 3325 982 3389 Interea
1009 3345 1072 3389 rex
1099 3327 1322 3391 Eadmundus

207 3396 290 3434 Μ’
372 3420 537 3483 Ferreum
553 3422 663 3484 Latus
681 3423 874 3485 exercitum
896 3423 1021 3485 fortem
1038 3424 1080 3487 de
1100 3431 1176 3487 tota
1190 3424 1323 3506 Anglia

369 3526 496 3599 quarto
512 3520 752 3599 congregavit,
770 3527 806 3582 et
822 3520 858 3581 in
873 3520 950 3582 loco
967 3521 1027 3583 ubi
1042 3522 1137 3601 prius
1160 3521 1322 3586 Tamensi

367 3747 408 3796 his
430 3745 581 3807 step-father
600 3746 664 3807 king
683 3745 762 3794 Knud
780 3747 836 3795 that
859 3747 901 3795 the
913 3747 1022 3796 shielda
1033 3748 1097 3797 little
1105 3749 1188 3798 below
1195 3750 1237 3799 the
1245 3751 1325 3800 hand·

293 3866 296 3871 ,
367 3815 400 3864 he
411 3815 487 3864 could
504 3815 584 3863 atrike
601 3820 629 3862 at
644 3814 697 3862 him
715 3816 777 3863 with
795 3814 835 3864 his
859 3822 939 3878 strap,
954 3817 1006 3865 and
1021 3831 1075 3864 was
1091 3831 1120 3865 so
1132 3824 1218 3880 among
1234 3819 1289 3867 that
1305 3820 1325 3866 it

367 3885 461 3933 swerd.
498 3884 569 3945 King
587 3883 666 3931 Knud
689 3883 772 3932 thrust
793 3884 835 3932 his
859 3891 903 3933 cut
913 3886 955 3933 the
966 3885 1050 3934 shield
1063 3886 1181 3946 asunder,
1191 3886 1241 3934 aud
1252 3887 1323 3936 clove
1403 3904 1415 3923 ·

367 3951 450 3999 shield
468 3952 592 3999 sarwardo
602 3967 663 4000 over
677 3953 719 4000 the
732 3954 798 4002 neck
809 3954 839 4001 of
858 3953 900 4002 the
919 3954 1051 4002 fore-hand
1071 3953 1100 4002 of
1114 3953 1157 4001 the
1174 3953 1260 4012 horse;
1277 3955 1324 4002 but

366 4017 406 4067 hie
417 4020 501 4081 horse,
511 4035 540 4068 so
551 4020 606 4067 that
618 4020 660 4069 the
671 4021 739 4069 blow
747 4021 791 4070 fell
802 4037 834 4070 on
858 4022 900 4070 the
912 4023 1001 4072 Danee
1013 4022 1129 4083 pressiug
1139 4035 1171 4069 on
1182 4020 1252 4083 him,'
1262 4028 1311 4073 etc.
