3098 4770
444 357 635 405 rnoanurrr
659 355 937 405 wroonrunusrs.
1127 337 1172 401 83

219 509 349 573 funeris
372 511 538 576 dominati
557 519 648 575 sunt.
702 511 770 575 His
795 511 842 574 ibi
866 512 917 574 ita
941 510 1061 592 gestis,
1089 517 1170 590 post
1183 523 1334 611 mptum
1358 567 1361 574 ,

218 617 370 687 quatuor
385 612 457 673 dies
473 610 638 674 AEthered
654 629 716 672 rex
740 618 775 674 et
799 609 931 673 AElfred
955 611 1061 672 frater
1080 608 1168 690 ejus,
1183 622 1271 661 turrea·

218 706 381 771 adunatis
398 709 529 772 viribus
551 715 830 791 congregatoque
857 710 1022 782 exercitu,
1050 706 1168 770 Read-

218 804 337 886 ingum
355 808 535 883 adieruut3
557 826 706 889 >cumque
728 826 837 890 usque
859 807 902 869 ad
923 815 1059 887 portam
1077 807 1167 867 arcis

217 906 467 983 pervenissent,
487 906 649 969 caedendo
667 912 702 969 et
721 905 969 987 prosternendo
993 923 1166 984 quoscun-

216 1020 284 1082 que
302 1003 344 1066 de
359 1003 515 1084 Paganis
532 1014 634 1069 extra
650 1023 762 1068 arcem
786 1005 1007 1078 invenissent,
1028 1002 1166 1082 Pagani

215 1118 285 1163 non
311 1103 451 1182 segnius
472 1105 661 1178 certabant,
682 1103 800 1183 lupino
823 1120 927 1175 more,
951 1101 1034 1165 totis
1056 1101 1165 1181 portis

216 1209 446 1281 erumpentes,
467 1203 551 1265 totis
573 1203 701 1266 viribus
724 1202 849 1264 bellum
867 1201 1079 1281 perquirunt,
1100 1200 1165 1261 ibi-

216 1315 283 1377 que
299 1298 357 1361 diu
375 1309 410 1362 et
425 1302 589 1364 atrociter
608 1321 652 1365 ex
672 1309 818 1383 utraque
840 1309 938 1381 parte
964 1299 1164 1362 dimicatum

215 1403 288 1470 est;
323 1398 384 1460 sed
414 1399 500 1480 proh
534 1400 643 1476 dolor,
670 1398 876 1463 Christianis
901 1399 1036 1461 demum
1065 1407 1165 1477 terga

214 1498 441 1573 vertentibus,
473 1496 608 1578 Pagani
635 1500 814 1562 victoriam
841 1498 1058 1578 accipientes,
1085 1496 1163 1559 loco

215 1592 345 1658 funeris
372 1596 540 1659 dominati
565 1605 664 1674 sunt3
687 1597 800 1677 ibique
828 1595 1048 1658 AEthelwlfus
1074 1613 1162 1674 prae·

216 1691 309 1754 fatus
332 1712 446 1758 comes
469 1696 559 1758 inter
574 1703 717 1759 caeteros
732 1696 902 1758 occubuit.
949 1691 1028 1769 Quo
1044 1692 1163 1754 dolore
1176 1711 1222 1750 rie
1232 1712 1304 1750 nana

214 1796 250 1852 et
266 1794 473 1855 verecundia
489 1792 677 1857 Christiani
692 1793 863 1868 commoti,
880 1793 1001 1854 iterum
1019 1798 1099 1871 post
1114 1807 1162 1852 ιν.
1177 1762 1306 1850 iiiii?

214 1887 288 1950 dies
319 1897 440 1953 contra
472 1893 653 1972 praefatum
689 1890 892 1965 exercitum,
924 1890 959 1951 in
993 1889 1069 1951 loco
1103 1889 1163 1970 qui

213 1985 338 2048 dicitur
353 1988 559 2066 AEscesdun,
582 1992 672 2070 quod
692 1989 815 2054 Latine
833 1987 937 2051 Mons
952 1987 1096 2049 Fraxini
1112 1987 1165 2049 in-

212 2090 435 2165 terpretatur,
459 2087 542 2150 totis
564 2088 692 2151 viribus
715 2098 749 2150 et
774 2085 877 2167 plena
903 2085 1093 2160 voluntate,
1118 2085 1163 2146 ad

212 2183 373 2262 proelium
389 2186 581 2267 prodeunt;
606 2186 666 2248 sed
680 2184 813 2267 Pagani
826 2185 862 2247 in
877 2184 964 2246 duas
978 2202 1016 2247 se
1030 2191 1164 2246 turmas

212 2279 417 2359 dividentes,
435 2284 562 2365 aequali
577 2284 748 2348 testudine
772 2284 901 2347 bellum
927 2279 1077 2363 parant,¹
1100 2280 1163 2344 ha-

210 2378 339 2442 bebant
355 2381 447 2442 enim
472 2389 554 2444 tunc
579 2382 665 2445 duos
682 2401 781 2462 reges
798 2381 993 2461 multosque
1009 2380 1165 2459 comites,

210 2477 438 2541 concedentes
467 2479 614 2542 mediam
651 2487 782 2561 partem
820 2480 994 2541 exercitus
1029 2477 1164 2540 duobus

210 2574 363 2654 regibus,
397 2585 433 2640 et
467 2577 612 2640 alteram
641 2578 795 2641 omnibus
832 2575 1035 2648 comitibus;
1071 2576 1163 2656 quod

213 2670 401 2736 Christiani
427 2682 619 2752 cernentes„
636 2684 671 2739 et
697 2676 800 2739 etiam
824 2675 892 2756 ipsi
914 2674 1104 2737 exercitum
1128 2675 1164 2736 in

210 2768 299 2833 duas
323 2777 455 2835 turmas
484 2772 689 2849 dividentes,
717 2773 906 2838 testudines
931 2792 999 2836 non
1024 2771 1164 2850 segnius

211 2877 428 2933 construunt.
479 2870 548 2934 Sed
563 2871 699 2935 AElfred
714 2872 815 2935 citius
829 2879 863 2934 et
878 2868 1069 2952 promptius
1086 2888 1162 2932 cum

211 2965 285 3029 suis
314 2968 357 3030 ad
385 2969 499 3032 locum
527 2970 641 3051 proelii
662 2971 776 3033 venit:
799 2970 956 3033 nimirum
979 2968 1165 3030 eratenim

212 3070 296 3128 tunc
329 3086 412 3129 suus
445 3067 553 3131 frater
582 3068 749 3131 AEthered
781 3087 844 3130 rex
877 3069 913 3129 in
948 3067 1094 3129 tentorio
1127 3065 1163 3128 in

212 3164 368 3227 oratione
412 3167 558 3246 positus,
588 3167 730 3229 audiens
768 3167 919 3239 missam,
955 3165 1164 3243 nimiumque

212 3259 386 3324 affirmans
409 3282 447 3326 se
470 3263 549 3325 iude
572 3283 642 3326 non
664 3264 892 3327 discessurum
908 3258 1093 3342 antequam
1107 3280 1164 3323 sa-

211 3358 332 3421 cerdos
362 3361 503 3423 missam
533 3360 659 3436 finiret,
688 3369 722 3424 et
748 3361 901 3425 divinum
927 3379 989 3442 pro
1012 3359 1163 3421 humano

210 3456 302 3518 nolle
322 3458 478 3521 deserere
493 3460 691 3523 servitium:
718 3461 823 3523 etita
845 3459 944 3536 fecit;
969 3477 1046 3538 quae
1072 3458 1163 3536 regis

212 3553 401 3618 Christiani
418 3556 502 3618 fides
518 3558 664 3622 multum
687 3558 778 3638 apud
803 3556 1051 3629 Doumvaluit,
1074 3556 1164 3616 sicut

212 3653 326 3732 aptius
350 3654 582 3717 declarabitur
598 3656 634 3717 in
649 3657 881 3736 sequentihus.
928 3655 1164 3717 Decreverunt

212 3768 295 3830 ergo
313 3749 510 3826 Christiani,
526 3761 566 3814 ut
584 3753 749 3815 AEthered
772 3771 835 3814 rex
861 3771 938 3813 cum
964 3751 1034 3812 suis
1057 3749 1163 3828 copiis

212 3857 333 3911 contra
359 3849 446 3911 duos
475 3850 639 3929 Paganos
672 3869 769 3930 reges
799 3854 949 3911 sumeret
981 3846 1161 3928 proelium;

285 4070 291 4099 ¹
309 4072 410 4134 AEqooli
477 4071 588 4134 parant]
613 4072 714 4133 AEquali
726 4073 797 4120 lance
810 4071 949 4121 testudines
960 4076 1049 4130 par-ant
1060 4070 1093 4118 A.

985 4168 1000 4201 o
1019 4159 1034 4202 2
