3098 4770
296 324 341 387 16
669 343 877 392 chrronicon

295 493 384 556 idem
402 497 583 577 arguebat.
637 495 724 558 Cum
743 496 854 559 adhuc
871 516 939 559 non
959 504 1050 559 esset
1067 497 1198 559 electus
1215 497 1252 559 in

295 593 539 672 pontificatum
551 612 613 672 pro
628 595 747 656 eodem
764 594 901 658 Pascha
913 595 962 657 eis
975 595 1126 674 scripsit,
1138 603 1173 658 et
1188 614 1252 675 pro

296 689 492 770 Pelagiana
514 691 649 768 haeresi,
677 712 754 775 quae
779 693 870 773 apud
898 712 957 758 eos
979 693 1251 772 reviviscebat].¹

129 804 263 894 {firmet
295 787 598 852 west-Saxonum
617 811 727 871 reges,
742 791 906 872 Cynegils
919 801 954 855 et
971 790 1148 854 Cuichelm
1165 811 1250 853 suns

263 882 269 894 ’
297 884 403 963 filius,
423 907 501 950 cum
525 909 606 970 rege
624 889 835 951 Merciorum
860 888 992 965 Penda,
1004 889 1112 970 juxta
1130 888 1250 952 Ciren·

295 994 431 1049 ceastre
444 1006 656 1067 pugnavere,
673 994 802 1067 etpost
819 1005 905 1069 pace
922 987 1016 1050 sacta
1031 986 1250 1051 confirmata-

295 1102 364 1165 que
379 1083 596 1149 discessere.²
1242 1132 1246 1137 -

146 1198 264 1238 ansu-
346 1182 548 1262 Eorpwald,
572 1184 662 1244 filius
686 1183 868 1247 Redwaldi
893 1184 997 1264 regis,
1022 1182 1122 1264 cnjus
1150 1188 1251 1263 pater

129 1263 260 1301 Conversion

129 1277 411 1360 ,f5„,„1,Tytel,
455 1279 556 1360 cujus
605 1288 705 1360 pater
749 1280 854 1357 tha,
899 1281 1126 1361 persuadente
1168 1300 1250 1361 rege

127 1361 276 1458 misma,
295 1375 452 1451 Edwino‚
492 1378 735 1459 superstitione
774 1378 943 1442 idolorum
981 1377 1113 1454 relicta,
1149 1378 1250 1441 fidem

296 1474 496 1557 Christique
528 1486 747 1541 sacramenta
779 1497 856 1541 curn
888 1497 952 1540 sua
984 1477 1137 1558 suscepit
1169 1496 1250 1558 pro·

295 1573 423 1649 vincia,
447 1594 567 1637 verum
594 1594 663 1637 non
692 1575 800 1638 multo
827 1584 980 1656 tempore
1007 1586 1088 1656 post
1114 1577 1249 1639 occisus

294 1677 348 1732 est
362 1689 384 1731 a
398 1673 473 1734 viro
492 1673 613 1751 gentili
630 1672 795 1735 Richerto
812 1671 971 1735 nomine³

146 1784 262 1823 encre
346 1767 530 1831 Gloriosus
561 1789 623 1831 rex
653 1768 796 1832 Edwine
821 1788 896 1832 cum
926 1786 1020 1832 xvir.
1051 1769 1152 1832 annis
1176 1768 1249 1832 An-

127 1847 281 1944 {2223de
292 1865 430 1946 glorum
449 1866 552 1929 simul
573 1875 608 1930 et
623 1867 806 1930 Britonum
822 1869 917 1949 genti
936 1876 1104 1948 praeesset
1120 1868 1248 1948 glorio·

126 1947 237 2037 ἓξῗξιὲξ,
291 1965 441 2042 sissime,
463 1984 555 2028 anno
579 1967 694 2030 aetatis
710 1984 783 2029 suae
799 1972 949 2029 xov1110.
967 1985 988 2029 a
1007 1985 1146 2048 pagano
1166 1987 1249 2049 rege

293 2061 507 2141 Merciorum
520 2064 652 2140 Penda,
664 2065 739 2128 viro
755 2066 1004 2143 strenuissimo,
1014 2072 1049 2128 et
1064 2064 1250 2139 Ceadwala

292 2180 375 2242 rege
394 2162 577 2227 Britonum
593 2163 738 2226 saeviore
754 2182 902 2243 pagano,
918 2164 954 2224 in
971 2181 1094 2243 campo
1110 2162 1248 2226 Heatlr·

292 2258 375 2335 seld,
414 2269 573 2324 conserto
617 2261 717 2340 gravi
755 2260 891 2341 proelio,
928 2267 981 2322 est
1019 2260 1153 2323 occisus
1192 2260 1249 2323 die

292 2357 414 2420 iduum
443 2357 646 2421 Octobrium
672 2366 796 2438 quarto
823 2358 883 2439 [12
910 2356 1020 2443 Oct.].
1080 2357 1248 2422 Turbatis

292 2457 397 2533 rebus
428 2456 829 2538 Northanhymbrorum,
862 2455 1043 2532 Paulinus,
1067 2465 1248 2538 assumpta

293 2573 412 2617 secum
447 2556 586 2635 regina,
606 2555 863 2634 AEthelburga,·
880 2555 983 2617 rediit
1015 2555 1051 2616 in
1087 2553 1248 2618 Cantium

213 2711 216 2719 .
292 2652 448 2733 navigio,
470 2661 507 2716 et
528 2653 713 2717 honorifice
734 2659 916 2734 susceptus
941 2658 996 2715 est
1019 2653 1063 2716 ab
1086 2651 1248 2717 Honorio

292 2750 554 2832 archiepiscopo
571 2759 606 2815 et
624 2771 705 2832 rege
720 2748 926 2814 Eadbaldo.⁴
998 2826 1000 2831 Ι
1041 2798 1043 2804 .

141 2874 261 2915 nume
344 2848 427 2912 Rex
445 2849 626 2913 Britonum
639 2849 823 2913 Ceadwala
834 2868 950 2930 regem
964 2848 1060 2930 prius
1074 2848 1249 2927 Osricum,

126 2941 246 3029 Βξζὲξξῆ,
292 2947 386 3027 regis
410 2946 547 3010 Edwini
567 2949 770 3030 patruelem,
799 2968 876 3010 cum
906 2954 980 3011 toto
1003 2966 1067 3009 suo
1090 2948 1247 3010 exercitu

125 3040 254 3129 {fflfoffifffl
292 3045 441 3124 delevit3
460 3046 539 3109 dein
550 3066 665 3127 regem
678 3045 911 3122 Eanfrithum,
922 3044 1143 3108 AEthelfrithi
1156 3046 1248 3126 regis

290 3142 413 3221 filium,
431 3145 474 3206 ad
491 3164 529 3207 se
550 3145 766 3227 postulandae
789 3145 885 3226 pacis
907 3144 1024 3223 gratia
1041 3144 1248 3221 venientem,

325 3368 332 3397 ¹
352 3370 404 3418 Pro
415 3372 496 3417 eodem
507 3369 602 3417 Pascha
615 3403 622 3418 .
636 3400 642 3414 .
655 3369 757 3417 ..revi-
782 3369 853 3417 Justi
871 3380 1055 3425 successorem,
1071 3366 1098 3412 in
1124 3365 1251 3426 archiepi-

288 3438 416 3500 taceare]
446 3439 501 3486 The
521 3443 575 3485 text
596 3438 695 3484 herois
714 3452 756 3484 ex·
781 3452 887 3497 scopum
899 3435 1108 3484 cantuariensem
1119 3449 1250 3482 consecra·
1265 3450 1306 3508 Ἣ

288 3509 396 3568 tremely
416 3507 555 3556 defective:
573 3508 598 3553 in
620 3506 658 3555 H.
677 3506 708 3555 E.
727 3518 756 3554 11.
781 3508 818 3553 vit
838 3507 864 3552 in
884 3505 997 3552 Lindissi
1016 3504 1156 3564 provincia.
1181 3503 1279 3552 Addr⁴
1292 3507 1310 3536 Ν

291 3580 332 3638 19,
344 3579 365 3624 it
380 3577 469 3624 stands
488 3577 564 3624 thus:
582 3575 652 3636 “pro
668 3575 756 3623 eodem
781 3575 830 3622 ulia
841 3589 922 3623 manu.

289 3660 373 3695 errore
401 3646 549 3707 corrigendo
575 3639 685 3704 literas,”
708 3650 756 3692 etc.
817 3642 882 3693 ³H.
894 3643 926 3689 E.
941 3655 971 3690 11.
993 3645 1034 3703 15,
1052 3656 1075 3690 a.
1095 3644 1152 3691 327.
1188 3640 1249 3689 Sex.

290 3716 350 3776 and,
362 3715 378 3742 ‘¹
387 3730 433 3775 pro
446 3715 587 3776 Pelagiana
603 3713 695 3761 haeresi
709 3749 716 3762 .
729 3747 735 3760 .
750 3748 756 3761 .
783 3711 875 3762 Chron.
887 3715 945 3760 6³2.
988 3755 992 3760 .

289 3785 404 3832 carenda
414 3798 445 3833 ac
456 3783 601 3845 repellenda
614 3815 700 3832 .....
711 3782 756 3829 ad·

289 3867 391 3901 monere
402 3849 526 3904 curarit.''
817 3852 827 3882 ⁴
846 3849 883 3898 H.
895 3848 927 3896 E.
938 3862 966 3897 11.
976 3852 1018 3896 20.
1035 3847 1096 3895 Sax.
1104 3844 1198 3894 Chron.
1216 3845 1251 3891 Et

324 3918 335 3946 ²
351 3921 413 3969 Sax.
423 3921 515 3971 Chron.
527 3924 561 3970 A.
570 3922 606 3970 D.
618 3925 675 3970 629.
700 3920 756 3968 Ho-
781 3918 859 3966 multo
871 3923 928 3979 post
940 3917 1093 3966 Hroiensem
1105 3915 1250 3974 ecclesiam,

287 3991 376 4037 norius
403 4005 472 4050 papa
501 3991 608 4051 pallium
644 3990 755 4038 Paulino
779 3993 878 4036 mortuo
896 3988 1020 4047 Romano,
1034 3984 1148 4043 suscepit
1162 3997 1251 4044 regen-

287 4059 366 4119 misit,
378 4060 424 4118 qui
435 4060 593 4119 postmodum
604 4058 756 4116 Honorium,
780 4057 849 4106 dam.
884 4055 950 4104 Aac.
963 4055 1013 4101 alia
1024 4067 1106 4102 mnu.
